1821 3077
749 186 1159 225 -14—

248 306 386 356 fuisse,
430 304 676 343 eruditissimi
711 306 805 349 viri,
849 311 882 343 et
925 305 1221 343 innocentissimi
1272 304 1458 355 Episcopi,
1509 303 1661 343 Antonii

252 373 464 423 Auyustini:
512 373 553 412 de
585 384 655 425 quo
687 385 772 412 vere
802 373 867 412 hoc
898 379 1058 424 tempore
1090 372 1292 424 affirmare
1320 384 1529 423 possumus,
1562 372 1659 424 quod

250 454 314 480 suo
353 442 395 480 de
427 441 471 487 Q.
502 440 683 480 Scaevola
721 442 860 481 dimisse
899 440 1097 487 Crassum,
1135 440 1184 479 M.
1219 440 1365 481 Tullius
1402 442 1547 481 scribit:
1585 453 1659 480 esse

249 510 357 549 illum
394 509 493 549 Iuris
527 512 739 561 peritorum
776 510 1131 561 eloquentissimum‚
1174 516 1208 548 et
1239 509 1504 562 Eloquentium
1536 508 1658 549 Iuris-

248 581 530 630 perilissimum:
563 578 660 617 alter
689 580 730 616 in
759 580 896 618 uostris
926 579 1079 618 aedibus
1110 577 1198 617 Divi
1223 577 1435 618 Servatoris
1456 578 1657 622 Bononiae,

250 651 289 686 in
311 648 488 699 locuplete
519 655 551 687 et
582 649 822 686 ornatissima
843 646 1089 686 Bibliotheca:
1121 660 1229 698 quem
1259 660 1322 699 eqo
1353 660 1396 687 ea
1414 649 1659 699 praeteriens,

249 716 389 768 aliquot
419 719 457 755 in
490 716 592 760 locis,
623 722 663 755 ut
693 716 745 768 sit,
778 714 884 753 nullo
917 715 1047 755 ordine
1078 715 1215 767 attiyi’.

360 782 498 831 Ant.*)
521 791 559 823 et
581 784 608 822 F
630 783 837 835 Malaspina
869 784 1022 835 saepius
1053 796 1168 836 quam
1201 783 1371 835 reliquos
1403 790 1481 824 tres
1510 784 1659 836 priores

250 858 547 892 commemorat:
580 858 738 905 apparet
768 858 899 891 tamen
930 853 1017 891 Ant.
1051 859 1089 891 ct
1114 852 1142 891 F
1175 853 1306 892 multis
1336 853 1430 892 locis
1461 865 1481 892 a
1511 853 1548 892 M
1580 852 1660 891 dis-

250 920 429 968 sensisse,
461 921 629 973 reliquos
662 928 739 960 tres
771 920 989 960 simillimos
1021 920 1139 960 fuisse
1171 922 1254 961 cod.
1278 921 1449 961 Medicei.
1509 921 1563 960 Dc
1595 934 1660 960 sex

248 990 527 1041 posterioribus
559 990 656 1029 nihil
686 990 782 1029 certi
813 989 998 1028 constitui
1029 1003 1142 1042 posse
1173 995 1280 1042 pulc,
1312 990 1415 1041 quod
1437 1002 1524 1028 raro
1546 989 1660 1027 exiis

250 1059 433 1097 lectiones
475 1064 834 1098 connncmorantur
863 1070 990 1109 neque
1020 1057 1059 1097 in
1093 1059 1271 1110 gravibus
1301 1059 1397 1098 locis
1427 1057 1660 1097 nominatim

247 1127 388 1166 adferri
426 1127 569 1167 solent:
617 1127 726 1166 Card.
760 1139 849 1166 vero
889 1126 1053 1166 adfinem
1086 1128 1206 1167 fuisse
1237 1128 1325 1168 Ant.
1358 1132 1396 1167 et
1426 1126 1454 1165 F
1492 1139 1538 1165 cx
1582 1137 1659 1164 non

251 1195 367 1235 nullis
399 1196 629 1235 lectionibus
661 1195 822 1235 conicio.

360 1265 447 1303 Ant.
480 1277 558 1303 non
591 1264 758 1316 pendere
790 1278 835 1302 cx
867 1265 903 1303 Μ
934 1278 980 1304 ex
1011 1264 1070 1304 bis
1102 1266 1195 1304 locis
1226 1265 1417 1305 intellexi:

360 1334 375 1371 1
401 1333 464 1379 16,
488 1333 512 1371 2
544 1333 675 1385 Fufius
713 1334 801 1372 Ant.
843 1339 881 1373 et
911 1333 1057 1385 aliquot
1087 1335 1158 1373 alia
1189 1329 1492 1386 exemplaria**)
1531 1335 1569 1369 et
1598 1330 1662 1369 hic

248 1408 286 1441 et
301 1401 389 1440 alibi
406 1402 509 1441 Mal:
531 1403 657 1452 fusius
673 1401 720 1440 M.
739 1402 824 1440 ——I
846 1402 909 1449 16,
931 1404 976 1441 11
1004 1402 1270 1443 Comissatores
1290 1404 1378 1442 Ant.
1403 1407 1441 1441 et
1463 1411 1660 1439 manuscr.

248 1483 325 1509 non
358 1470 470 1522 pauci
490 1470 594 1509 Mat:
627 1474 922 1511 commissatores
944 1471 991 1510 M.
1015 1494 1067 1500 —
1091 1472 1106 1510 Ι
1131 1472 1194 1518 16,
1222 1471 1270 1510 13
1302 1470 1416 1522 Fufia
1436 1469 1524 1508 Ant.
1548 1472 1661 1515 (teste

252 1539 336 1578 Mal.
375 1539 421 1577 ad
453 1539 517 1577 XV
541 1540 577 1585 4,
602 1541 656 1587 ’1);
692 1541 796 1591 fusia
837 1539 886 1578 M.
930 1563 984 1568 —
1030 1540 1132 1588 117,
1156 1541 1180 1579 9
1221 1540 1346 1580 Asiam
1382 1540 1494 1578 Ant.:
1536 1537 1667 1576 Asiani

250 1608 299 1646 Μ.
332 1631 385 1635 —
417 1607 449 1646 ΙΙ
475 1608 509 1654 1,
532 1608 557 1645 4
588 1608 685 1659 quod
714 1615 747 1647 te
778 1619 966 1647 arcessam
996 1609 1084 1648 Ant.
1117 1616 1155 1648 et
1185 1609 1331 1660 aliquot
1361 1607 1423 1647 alii
1455 1606 1558 1645 Mala
1591 1617 1662 1657 quo

250 1683 281 1715 tc
303 1688 490 1715 arcessam
513 1675 561 1714 M.
584 1699 637 1703 —
659 1676 691 1714 11
709 1676 746 1723 6,
774 1677 787 1714 1
816 1676 945 1715 Duum
966 1680 1092 1716 virum.
1113 1678 1226 1716 Ant.:
1260 1678 1325 1716 (liu
1345 1678 1527 1716 nimirum
1545 1674 1591 1712 M.
1610 1696 1663 1701 —-

250 1744 297 1782 lv
320 1744 389 1791 41),
417 1746 433 1783 1
470 1741 730 1799 [bibliotheca]
762 1745 872 1784 Ant:
900 1744 1165 1799 (bibliotheca)
1194 1745 1241 1785 M.
1263 1768 1318 1772 -—
1348 1745 1396 1783 IV
1418 1744 1484 1789 Sa,
1507 1743 1532 1781 2
1559 1749 1663 1794 post-

251 1826 361 1864 quam
392 1816 438 1853 sit
475 1814 541 1854 tibi
568 1813 679 1852 Ant.:
714 1820 912 1865 postquam
950 1817 1049 1853 misit
1080 1815 1128 1853 M.
1174 1837 1229 1842 —-
1273 1813 1321 1852 IV
1343 1814 1380 1860 9,
1406 1814 1424 1850 1
1459 1812 1664 1863 impediant

251 1883 360 1921 Ant.:
392 1884 611 1933 impendant
643 1882 691 1920 M.
723 1905 777 1909 —
807 1882 856 1920 IV
882 1883 943 1928 14,
973 1883 997 1920 2
1031 1881 1085 1921 Tu
1115 1882 1225 1922 velim
1246 1883 1353 1921 Ant.:
1385 1888 1427 1920 ut
1457 1880 1568 1919 velim
1585 1879 1660 1918 Ml:

250 1947 329 2004 [ut]
360 1951 471 1990 velim
503 1950 568 1989 M2.
611 1972 664 1978 -
707 1950 754 1988 IV
784 1951 841 1997 17,
865 1950 889 1987 2
921 1951 1069 2002 quidem
1105 1951 1237 2002 fuisset
1266 1950 1372 1988 Ant:
1414 1948 1562 2001 quidem
1592 1948 1662 1987 ad-

248 2020 380 2070 fuisset
410 2019 458 2057 M.
502 2042 553 2047 —
600 2018 647 2057 IV
674 2019 734 2065 17,
759 2019 783 2056 4
816 2018 928 2057 libere
960 2019 1060 2065 Ant„
1093 2017 1143 2056 C:
1176 2018 1270 2057 liber
1300 2017 1349 2056 M.
1387 2039 1441 2046 -—
1481 2017 1526 2055 VI
1552 2018 1586 2062 1,
1609 2016 1661 2054 25

252 2094 420 2126 centenos
442 2087 544 2134 Ant„
568 2087 633 2125 W:
666 2094 838 2126 centenas
868 2086 916 2125 Μ.
948 2109 1003 2114 --
1034 2086 1085 2125 IX
1108 2087 1144 2133 5,
1173 2087 1191 2124 1
1225 2085 1357 2138 Fufius
1378 2086 1466 2126 Ant.
1499 2092 1537 2125 ct
1567 2085 1663 2124 altor

338 2226 369 2267 *)
394 2226 484 2268 Ant„
521 2226 586 2257 nisi
623 2236 672 2257 mc
700 2225 801 2265 fallit,
836 2235 853 2256 a
879 2224 1084 2266 Tomasinio,
1109 2224 1261 2257 biblioth.
1288 2225 1418 2267 Venet.,
1444 2236 1473 2268 p.
1503 2225 1541 2257 12
1568 2234 1660 2256 coni-

249 2285 470 2321 memoratur,
507 2285 579 2312 tota
608 2279 813 2311 bibliotheca
842 2279 1031 2311 Antoniana
1067 2279 1223 2312 incendio
1250 2284 1302 2312 est
1333 2280 1464 2321 delet-‘13
1501 2279 1552 2311 eff.
1578 2277 1660 2310 Gin-

254 2335 354 2367 vunni
374 2335 463 2374 degli
483 2334 648 2374 Agostiui,
677 2334 812 2366 Notizie
836 2334 1141 2366 istorico-critiche
1167 2335 1300 2366 intorno
1325 2336 1358 2367 la
1383 2335 1455 2367 vita
1474 2343 1491 2365 e
1510 2335 1542 2366 le
1561 2343 1661 2376 opere

252 2390 341 2428 degli
370 2388 530 2420 Serittori
556 2388 731 2420 veneziani
757 2388 924 2426 (Venetiis
954 2388 1053 2428 1752)
1077 2387 1100 2420 1.
1120 2389 1151 2419 ss,
1171 2398 1201 2430 p.
1222 2388 1281 2429 343
1307 2389 1487 2421 Emanuele
1505 2387 1662 2428 mengun,

255 2443 439 2474 nscrizioni
466 2443 662 2482 veneziane,
687 2440 710 2474 l.
731 2442 764 2473 B.
784 2452 812 2484 p.
838 2442 919 2483 1893
946 2442 1141 2474 Forestiere
1168 2443 1356 2475 illuminato
1382 2444 1515 2475 intorno
1534 2442 1565 2474 le
1584 2451 1661 2473 cose

252 2495 307 2538 piu
338 2507 414 2529 rore
523 2522 528 2528 .
554 2497 642 2528 della
668 2495 749 2528 cittii
776 2497 809 2528 di
835 2496 985 2529 Venezia
1009 2496 1179 2535 (venetiis
1209 2498 1308 2538 1764)
1334 2508 1363 2540 p.
1390 2497 1447 2529 89:
1481 2496 1541 2528 hos
1566 2496 1660 2527 locos

253 2550 491 2592 Castellanius,
516 2551 568 2583 vir
587 2551 811 2592 clarissimus,
837 2551 892 2593 qui
912 2551 1137 2584 bibliothecae
1156 2551 1347 2584 marcianae
1366 2551 1580 2594 praepositus
1599 2555 1660 2591 est,

252 2604 423 2636 nobiscum
448 2605 715 2637 communicavit.

342 2658 388 2697 ²³⁹⁶)
413 2659 459 2691 lta
487 2660 620 2701 saepius
647 2659 832 2701 Mnlaspina
867 2659 1004 2698 scribit3
1033 2670 1092 2691 nos
1120 2671 1182 2691 non
1210 2659 1360 2692 omnibus
1386 2659 1472 2691 Iocis
1509 2659 1657 2701 reliquos

252 2712 346 2744 codd.
365 2713 571 2755 lllalnspinae
597 2712 747 2755 (praeter
773 2714 850 2745 Ant.
877 2719 911 2745 ot
938 2713 975 2755 F)
1002 2714 1210 2755 respicilnuS.
