1821 3077
786 108 1225 149 “los—2<

305 227 460 265 Bosium
502 227 547 265 de
580 227 604 264 Z
653 226 806 266 mentiri
851 232 1043 278 appareat.
1106 225 1229 265 Homo
1261 226 1362 265 enim
1397 227 1572 274 mendax,
1617 239 1706 266 cum

303 295 493 347 optimum
535 295 705 334 codicem
739 295 763 333 Z
803 295 972 341 haberet,
1022 295 1185 334 malebat
1215 295 1327 334 falsas
1359 302 1473 346 atque
1503 295 1708 334 ementitas

304 364 486 403 lectiones
528 376 571 402 ex
611 364 709 403 fictis
742 363 937 403 codicibus
969 363 1116 402 adferre
1148 375 1263 414 quam
1297 363 1321 402 Z
1354 363 1554 414 diligenter
1584 363 1706 415 inspi-

302 445 399 478 cere,
431 432 612 483 idemque
641 444 729 470 cum
761 438 799 471 et
830 431 916 482 agili
947 438 1049 470 esset
1080 431 1232 483 ingenio
1263 438 1301 470 et
1332 432 1497 471 maxima
1528 433 1566 471 in
1599 431 1707 471 coui-

303 501 436 540 cicndo
482 500 663 539 facilitate
709 512 752 538 ac
796 500 974 539 felicitate
1021 506 1206 548 uteretur,
1253 500 1291 539 in
1335 500 1419 539 istis
1458 501 1556 540 fictis
1594 506 1709 551 atque

303 569 497 608 ementitis
537 568 765 607 lectionibus
804 568 1002 620 pueriliter
1037 568 1168 607 ludere
1207 582 1322 621 quam
1365 569 1530 620 graviter
1564 568 1708 607 delibe-

303 639 421 677 rando
469 639 514 677 de
546 637 571 675 Z
619 649 745 675 veram
779 636 981 675 lectionem
1015 637 1221 676 restituere
1252 638 1428 677 malebat.
1490 637 1557 675 His
1594 637 1710 688 igitur

303 707 394 746 locis
428 706 563 745 Bosius
594 706 779 744 lectiones
811 718 856 744 ex
887 706 1102 745 Crusellino
1133 712 1171 744 et
1202 705 1408 745 Decurtato
1453 705 1586 751 adfert,
1634 718 1709 755 quo

302 775 421 827 ipsius
453 774 672 813 coniectura
706 774 891 812 munitior
922 786 1006 812 esse
1038 773 1229 813 videatur:

415 843 498 882 XVI
524 842 614 887 13³,
638 841 661 879 2
696 842 955 889 ‘Crusellinus,
987 845 1047 882 via
1079 850 1226 882 amma:
1258 843 1353 894 lego,
1384 845 1444 881 via
1467 839 1638 893 c’cuoiooc'.
1657 865 1708 868 —

302 912 381 950 xvi
408 912 455 950 12
479 911 745 951 ί(ᾹιῚιεθΙΙίιιιιε,
774 923 872 962 pono
894 914 964 950 uui
981 915 1091 950 enim.
1129 917 1224 962 puto
1246 911 1469 950 Ciceronem
1494 910 1708 961 scripsisse,

302 981 521 1033 πονοῦμαι
555 979 680 1019 euim’.
711 1003 763 1006 ff·
795 979 860 1018 XV
883 979 934 1017 25
968 979 1096 1018 ‘Recte
1126 979 1376 1022 Crusellinus,
1408 987 1449 1018 ut
1478 985 1519 1017 uc
1549 981 1595 1017 sic
1626 977 1707 1017 res'.

301 1073 354 1076 —
386 1049 450 1088 XV
473 1049 524 1087 25
558 1047 726 1099 Scripsi,
773 1054 929 1086 auctore
962 1047 1188 1094 Crusellino,
1235 1055 1268 1087 et
1303 1054 1344 1087 tu
1374 1050 1485 1087 etiam
1515 1046 1625 1086 sce‘ce'.
1658 1069 1710 1074 —

302 1117 365 1155 XV
389 1117 454 1164 20,
478 1117 501 1155 2
535 1116 798 1162 ‘C1·usellinus,
831 1130 905 1169 qua
936 1129 1068 1156 caussa
1099 1128 1273 1155 occursus
1303 1122 1366 1155 est.
1389 1115 1605 1167 legendum,
1638 1128 1712 1166 qua

300 1198 443 1229 caussa,
477 1198 518 1224 ac
540 1197 698 1237 quorsus
719 1185 795 1224 esc'.
825 1208 873 1212 —
904 1185 969 1223 XV
992 1185 1028 1231 3,
1054 1186 1071 1223 1
1105 1185 1159 1223 ‘In
1182 1184 1442 1222 Tornaesiano
1466 1190 1558 1231 erat,
1589 1186 1714 1234 accepi

302 1253 455 1306 <uati>:
488 1253 526 1291 in
551 1254 778 1299 CrusellinO,
811 1257 936 1304 accepi
959 1252 1066 1306 (itaci
1093 1249 1215 1304 nati).
1267 1252 1488 1298 Emendavi,
1521 1255 1645 1303 accepi
1672 1255 1711 1291 iu

302 1322 475 1368 Atinati}
521 1335 564 1361 ex
597 1321 827 1361 Turnesiani
858 1321 1022 1360 lectione
1053 1321 1191 1360 Bosius
1237 1333 1315 1359 non
1364 1321 1460 1360 male
1505 1323 1629 1371 accepi
1671 1323 1710 1359 in

302 1392 442 1430 Atinati
460 1390 698 1441 excogitavit.
726 1390 804 1437 sed,
827 1403 903 1440 quo
927 1389 997 1428 ista
1019 1389 1239 1428 coniectura
1262 1389 1410 1428 firmior
1432 1396 1547 1440 atque
1570 1388 1710 1427 certior

301 1459 491 1499 videretur
532 1472 628 1502 esse,
675 1472 719 1497 ex
753 1458 967 1497 Crusellino
998 1457 1064 1508 qui
1096 1458 1214 1496 codex
1246 1470 1459 1509 numquam
1494 1457 1565 1496 suit
1595 1457 1707 1495 istam

301 1528 501 1567 lectionem
534 1528 679 1571 attulit3
712 1527 935 1566 Ciceronem
968 1528 1149 1577 accepim
1171 1526 1346 1577 Arpinati
1371 1525 1572 1578 scripsisse
1595 1525 1709 1564 Lam-

301 1597 412 1635 binus
444 1596 618 1641 coniecit,
662 1595 893 1634 Lambinum
934 1599 1036 1633 recte
1074 1593 1284 1633 coniecisse
1325 1606 1449 1645 nuper
1489 1594 1709 1645 complures

302 1666 369 1704 viri
402 1665 503 1704 docti
534 1664 759 1717 probarunt.
782 1687 836 1692 —
866 1663 931 1702 XV
954 1663 992 1709 2,
1015 1664 1039 1701 4
1072 1662 1180 1702 ‘Cum
1213 1663 1252 1701 in
1275 1663 1488 1702 Crusellino
1520 1662 1706 1713 scriptum

302 1731 545 1782 reperissem,
593 1734 635 1772 (Ie
675 1745 748 1784 qua
788 1745 899 1772 causo
937 1731 1095 1776 laborat,
1141 1731 1269 1770 statim
1309 1731 1455 1770 conieci
1487 1731 1707 1770 Ciceronem

301 1800 513 1851 scripsisse,
547 1798 691 1854 καύσῳ
723 1800 898 1840 laboras.
916 1823 968 1827 —
994 1800 1073 1838 XIV
1096 1799 1160 1847 20,
1184 1800 1208 1838 5
1241 1800 1346 1839 ‘Post
1376 1799 1536 1838 verbum
1568 1802 1709 1850 scripsi,

299 1869 425 1907 addidi
471 1868 696 1908 adverbium
739 1872 892 1914 citatim,
940 1874 983 1907 ut
1013 1868 1154 1907 diserte
1185 1869 1224 1907 in
1258 1868 1470 1908 Crusellino
1511 1874 1707 1906 exaratum

300 1937 447 1988 reperi'.
493 1960 548 1965 —
592 1937 675 1976 XIV
707 1938 769 1983 19,
801 1938 819 1975 1
855 1937 1151 1985 ίΛΊἾΣΙΑι]
1186 1936 1265 1975 Hoc
1304 1936 1530 1975 vocabulum
1573 1936 1709 1987 depra-

300 2012 428 2043 vatum
467 2011 548 2043 erat
584 2005 622 2043 in
662 2005 843 2044 omnibus
877 2004 1150 2056 manuscriptis
1182 2004 1339 2050 nostris,
1387 2011 1492 2043 extra
1523 2016 1638 2056 quam
1671 2004 1708 2042 in

301 2073 517 2119 Decurtato‚
566 2073 628 2111 ubi
662 2073 808 2112 Latinis
854 2074 992 2114 litteris
1039 2075 1227 2126 scriptum
1275 2080 1367 2120 erat,
1415 2076 1535 2113 alisia.
1582 2073 1709 2124 itaque

301 2142 455 2193 reposui
487 2138 661 2191 ἆτισίᾳ’.
699 2164 753 2170 —
800 2141 880 2181 XIV
906 2144 969 2190 14,
995 2144 1013 2181 1
1050 2142 1382 2194 ‘Depravatissime
1414 2141 1526 2193 vulgo
1557 2141 1708 2192 legitur,

302 2210 343 2249 cle
367 2210 593 2249 Pherz'ouum
622 2222 725 2249 more
749 2210 965 2258 Puteolano,
997 2224 1079 2263 pro,
1114 2212 1156 2250 cle
1178 2209 1317 2249 Phario
1337 2222 1491 2249 nummo
1511 2223 1553 2249 re
1576 2210 1708 2249 Puteo-

300 2280 400 2325 lano,
436 2286 477 2318 ut
507 2291 552 2317 ex
573 2278 780 2318 Decurtato
812 2280 938 2318 edidi’.
971 2303 1020 2307 —
1054 2279 1140 2319 XIII
1163 2278 1228 2325 25,
1251 2278 1274 2317 3
1308 2278 1467 2329 ‘Scripsi
1497 2291 1543 2317 ex
1565 2278 1709 2317 Decur-

305 2353 393 2394 tato,
426 2355 501 2386 tam
533 2350 656 2386 enitar
688 2345 840 2397 εἴργονῖ
874 2371 927 2375 ——
959 2347 1027 2386 XII
1050 2349 1115 2395 44,
1139 2347 1161 2386 3
1195 2347 1309 2398 ‘Lego
1341 2346 1458 2398 igitur
1487 2359 1533 2385 ex
1564 2347 1708 2386 Decur-

301 2422 391 2462 tato,
423 2429 488 2455 uec
521 2415 676 2454 arctim'.
699 2437 752 2442 —-
784 2415 852 2454 XII
875 2417 939 2463 27,
965 2418 982 2454 1
1015 2416 1174 2462 ‘Scidae,
1206 2428 1248 2454 ac
1275 2419 1309 2455 si
1335 2415 1457 2454 ullam
1477 2427 1578 2454 rem:
1610 2415 1707 2465 lego,

300 2485 348 2523 (ul
383 2484 536 2523 suillam
574 2484 680 2523 rem'.
727 2507 780 2511 ———
826 2484 894 2522 XII
917 2484 982 2531 23,
1006 2484 1030 2522 2
1063 2484 1225 2535 ‘Vulgati
1256 2484 1354 2530 libri,
1400 2485 1603 2522 accessione
1634 2496 1710 2522 non

299 2555 480 2602 murima,
530 2554 724 2592 mendose.
770 2552 855 2591 ideo
902 2560 1012 2604 putat
1051 2552 1243 2592 Corradus
1285 2552 1577 2604 expungendam
1625 2564 1708 2590 esse
