1821 3077
637 143 1083 184 —129-—-—

153 262 330 301 codicem
380 262 573 313 quendam
625 262 665 300 iu
712 261 944 301 bibliotheca
990 261 1323 302 Laurisheimensi
1372 262 1577 322 invenisse,

151 331 320 382 denique
383 330 552 370 indicem
609 330 800 370 librorum
862 330 1264 371 Laurisheimensium
1316 344 1336 370 a
1389 331 1577 372 sichardo

149 407 348 451 repertum
390 412 493 439 esse:
540 399 614 439 hoe
660 413 740 439 non
787 400 967 448 efficitur,
1012 412 1100 452 epp.
1147 400 1193 439 ad
1238 400 1410 440 Atticum
1458 414 1578 441 manu

148 468 313 520 scriptas
373 469 490 508 Beato
540 482 559 508 a
608 469 795 508 Sichardo
845 469 1003 508 traditas
1050 481 1147 508 esse.
1224 468 1322 508 Cum
1366 483 1458 510 vero
1498 484 1576 510 non

149 539 344 585 haberem,
395 538 500 589 quod
541 537 700 578 Corradi
754 537 881 577 verbis
933 537 1192 577 diffidendum
1249 551 1335 579 esse
1381 547 1575 592 putarem,

148 621 317 660 cumque
351 607 434 646 fieri
469 615 624 660 posset⁷
679 615 721 646 ut
764 607 933 652 Beatus,
975 607 1041 658 qui
1081 620 1169 647 raro
1217 608 1415 649 Ciceronis
1461 623 1576 663 opera

149 678 326 718 tractavit
371 690 497 729 neque
545 690 743 728 umquam,
793 683 990 728 quantum
1036 676 1132 723 seio,
1179 676 1220 716 in
1265 679 1576 726 311101011011011,

148 747 345 788 Ciceronis
368 759 483 799 opera
505 751 572 785 aut
588 746 756 798 aliquam
774 753 926 798 partem
951 746 1080 794 edere,
1104 747 1151 786 de
1172 746 1248 786 isto
1271 748 1401 788 codice
1424 751 1576 789 occulto

147 818 231 857 Ioco
277 819 520 868 loqueretur,
564 828 646 854 rem
681 815 906 866 diligentius
945 815 1257 867 investigandam
1294 831 1379 857 esse
1416 819 1574 858 credidi.

147 886 259 933 Quod
290 898 380 925 cum
413 887 592 930 facerem,
636 885 672 923 iu
704 884 833 924 libello
865 898 910 924 eo
943 885 1010 936 qui
1050 884 1284 926 inscribitur
1316 887 1402 927 ‘Des
1434 889 1575 928 Beatus

146 956 358 995 Rhenanus
375 954 631 993 litterarische
648 953 870 1004 Thatigkeit
892 954 931 993 in
950 954 1023 993 den
1037 954 1182 994 Jahren
1205 955 1482 996 1530—1547
1502 970 1576 996 von

145 1025 327 1064 Adalbert
347 1023 548 1069 Horawitz‚
574 1022 686 1061 Wieu
707 1022 826 1062 1873’
844 1036 879 1075 p.
897 1023 945 1062 31
972 1024 1030 1062 vel
1045 1024 1085 1062 in
1114 1024 1487 1076 ‘Sitzungsberichte
1506 1027 1575 1066 der

147 1093 533 1145 phil-historischen
557 1092 686 1131 Classe
718 1093 785 1130 der
807 1092 901 1131 kais.
918 1092 1129 1133 Akademie
1152 1095 1219 1133 der
1240 1094 1574 1135 wissenschaften

149 1161 301 1201 LXXII'
333 1174 369 1213 p.
393 1161 470 1200 351
506 1161 612 1200 hunc
642 1161 770 1200 locum
804 1175 849 1200 ex
880 1161 987 1201 Beati
1008 1161 1183 1202 Rhenani
1207 1176 1295 1215 opp.
1326 1164 1468 1212 inveni,
1507 1164 1574 1217 qui

148 1231 391 1270 demonstrat
437 1237 475 1270 et
521 1230 735 1270 Corradum
791 1243 877 1269 vere
931 1231 1134 1283 scripsisse
1188 1237 1226 1271 et
1273 1232 1433 1272 Beatum
1488 1234 1572 1273 cod.

146 1299 341 1351 quendam
366 1299 760 1346 Laurisheimensem‚
792 1301 858 1351 qui
891 1313 978 1352 epp.
1001 1300 1047 1340 ad
1078 1301 1251 1340 Atticum
1285 1302 1520 1350 continebat,
1552 1316 1573 1342 a

147 1367 333 1407 Sichardo
365 1369 570 1421 accepisse.
632 1368 785 1408 Etenim
825 1369 862 1407 in
902 1369 990 1408 libri
1029 1370 1191 1409 secundi
1228 1370 1372 1410 Rerum
1409 1372 1571 1411 Germa-

147 1437 341 1483 nicarum,
393 1450 489 1489 quas
550 1438 690 1476 Beatus
737 1451 770 1477 a.
815 1438 915 1477 1531
957 1438 1140 1488 edidit*)‚
1187 1441 1310 1492 capite
1356 1453 1413 1488 e0,
1466 1441 1570 1493 quod

148 1505 374 1545 inscribitur
406 1506 658 1545 ‘Francorum
707 1519 850 1546 nomen
898 1508 997 1559 apud
1038 1507 1266 1547 Ciceronem
1307 1522 1385 1549 non
1424 1517 1570 1567 extare,

148 1575 479 1626 (lepravatumque
518 1588 603 1614 esse
636 1576 744 1615 foede
776 1576 930 1624 locun1'‚
970 1578 1087 1615 homo
1130 1577 1379 1617 doctissimus
1425 1578 1471 1617 de
1509 1591 1569 1630 ep.

146 1643 191 1682 ad
222 1644 299 1682 Au.
329 1643 413 1682 XIV
444 1643 502 1690 10,
526 1643 550 1682 2
583 1658 702 1695 eaque
735 1645 939 1689 sententia,
983 1658 1082 1696 quae
1117 1646 1154 1684 in
1189 1646 1250 1694 A2,
1289 1660 1310 1685 c
1355 1647 1411 1686 sic
1456 1647 1567 1685 exhi-

147 1713 260 1751 betur
310 1712 433 1752 Redeo
480 1714 529 1753 ad
572 1712 818 1759 Thwbassos,
861 1713 1021 1760 Suevos,
1065 1713 1295 1761 Francones,
1344 1716 1417 1755 hoc
1451 1717 1566 1755 modo

146 1781 337 1833 disputat:
372 1781 494 1833 ‘Apud
517 1782 565 1820 M.
589 1781 812 1821 Ciceronem
836 1782 1099 1834 Epistularum
1128 1784 1194 1823 lib.
1217 1784 1348 1832 X1111.‚
1393 1798 1489 1836 quas
1520 1786 1567 1825 ad

146 1850 406 1902 Pomponium
440 1851 610 1890 Atticum
656 1851 812 1902 scripsit
856 1851 1048 1892 abstrusis
1094 1853 1219 1893 sensis
1266 1861 1303 1893 et
1339 1854 1567 1905 aenigmatis

146 1919 291 1971 plenas,
332 1919 370 1958 in
403 1919 595 1959 aeditione
628 1921 777 1971 vulgata
809 1921 865 1959 sic
895 1921 1046 1972 legitur,
1088 1921 1213 1961 Redeo
1247 1922 1565 1968 acleleeobassos,

146 1987 298 2033 Suevos,
331 1988 546 2028 Francones
577 2022 583 2028 .
609 2019 616 2027 .
641 2020 649 2028 .
674 2020 682 2028 .
733 1990 861 2036 Quare
893 1990 1068 2042 plerique
1099 1992 1345 2031 eruditorum
1378 1992 1452 2031 hoc
1481 1993 1566 2031 loco

147 2057 234 2096 freti
268 2058 425 2096 tradunt
458 2057 671 2098 Francones
701 2072 720 2097 a
744 2058 928 2098 Cicerone
960 2060 1193 2100 nominatos.
1247 2061 1435 2113 Equidem
1471 2061 1565 2100 mihi

147 2127 348 2178 perpensis
371 2126 483 2165 Tullii
518 2127 641 2166 verbis
675 2158 715 2166 ..
740 2158 748 2166 .
781 2128 945 2179 suspitio
977 2129 1083 2168 nasci
1115 2130 1253 2181 coepit,
1286 2137 1411 2170 totum
1436 2130 1565 2169 10011111

146 2207 231 2234 esse
253 2195 501 2246 depravatum
527 2226 535 2234 .
559 2227 567 2234 .
592 2227 600 2235 .
624 2227 632 2235 .
681 2198 812 2248 ltaque
836 2197 1016 2236 volumen
1040 2211 1158 2237 manu
1183 2199 1372 2251 scriptum
1396 2199 1564 2250 requiro,

145 2266 248 2315 quod
297 2276 342 2302 ex
392 2264 717 2305 Laurisheiruensi
763 2267 996 2307 Bibliotheca
1036 2267 1140 2306 Ioan.
1175 2268 1386 2307 Sichardus
1433 2275 1566 2307 noster

146 2332 369 2384 nuperriine
416 2334 608 2373 attulerat.
672 2336 710 2374 111
750 2350 794 2375 eo
836 2350 939 2375 utera
972 2342 1151 2388 portenta
1185 2337 1389 2376 verborum
1423 2336 1564 2388 scripta

147 2402 285 2453 reperi,
322 2432 328 2439 .
355 2432 362 2439 .
388 2432 395 2439 .
418 2401 540 2441 Redeo
572 2404 788 2444 acttebassos
819 2418 975 2445 scaettas
997 2405 1226 2458 Franqones.
1280 2406 1395 2458 Coepi
1427 2405 1565 2445 deiude

146 2470 344 2510 literarum
400 2471 541 2510 ductus
596 2473 864 2525 scrupulosius
912 2473 1067 2520 rimari,
1115 2475 1430 2526 deprehendique
1478 2487 1562 2525 ger-

237 2627 265 2665 *)
292 2628 361 2660 Nos
395 2631 519 2661 utimur
554 2631 758 2670 repetitione
792 2632 1074 2669 Argeutorutvusi
1107 2632 1263 2672 quadum,
1299 2641 1382 2672 quae
1420 2643 1450 2663 11.
1479 2632 1563 2664 loto

147 2683 283 2724 prodiit.

220 2747 379 2781 Iit-Inuum),
407 2750 445 2773 lw
469 2749 525 2773 (¹¹20.
548 2748 580 2772 :nl
606 2750 663 2775 Ati.
684 2749 828 2781 epistulis.
1329 2743 1347 2774 9
