1821 3077
630 124 1075 165 —-—203--—

144 261 216 288 nos
254 246 351 286 nibil
390 245 648 290 mutavimus3
694 256 783 283 nam
822 243 846 282 h
884 255 997 294 saepe
1040 242 1076 280 in
1121 240 1318 281 codicibus
1367 239 1565 278 omittitur

146 329 272 368 neque
303 316 348 363 is,
381 315 447 367 qui
477 326 548 367 pro
570 316 660 354 ortis
681 314 719 352 in
744 318 851 352 textu
873 311 984 364 ponit
1013 311 1142 356 hortis,
1175 309 1396 349 coniectura
1430 308 1565 348 utitur.

146 385 229 424 Hoc
278 384 427 429 dubito,
480 390 613 423 utrum
661 383 769 422 heros
814 393 861 421 an
908 376 1021 434 ἥρως
1067 378 1317 418 scribendum
1365 378 1434 425 sit,
1477 389 1566 416 nam

147 454 292 501 Cicero,
325 453 358 493 si
388 453 544 505 quidem
578 451 778 491 codicibus
810 451 849 489 in
883 449 947 489 tali
970 461 1011 488 re
1034 449 1129 487 fides
1151 447 1327 487 habenda
1359 452 1430 492 est,
1462 446 1569 486 heros

146 523 303 575 scripsit
333 522 378 562 311
410 522 488 562 Att.
511 522 526 561 Ι
552 522 614 569 17,
638 522 675 565 9,
707 520 755 560 IV
778 519 815 568 3,
840 519 876 567 5,
907 518 992 558 XIV
1017 518 1080 565 11,
1107 518 1125 555 1
1161 522 1198 555 et
1219 512 1331 570 ἥρως
1353 515 1418 554 vll
1443 514 1508 562 13,
1533 516 1569 562 1,

147 591 231 631 XIV
252 592 291 635 4,
314 591 351 639 2,
371 591 438 630 XV
463 590 526 638 12,
550 590 593 629 2:
627 603 672 629 ex
697 596 862 640 utraque
884 600 974 627 vero
1007 599 1099 626 voce
1120 598 1204 626 eros
1225 585 1337 625 facile
1360 584 1568 624 oriebatur.

261 660 350 700 Xlll
382 660 419 707 6,
444 661 480 700 4.
528 664 571 699 -1-
605 659 770 711 Operam
802 665 907 699 tuam
938 656 1113 701 multam,
1160 659 1227 708 qui
1269 661 1302 694 et
1340 654 1428 694 haec
1465 665 1572 693 cures

150 738 183 770 et
213 743 297 770 mea
338 730 515 782 empedz'as
557 736 592 769 et
628 732 678 769 sis
716 731 758 768 in
803 729 876 767 tuis
919 727 1038 766 multo
1083 727 1209 765 minus
1254 724 1412 775 dilv‘yens
1457 735 1572 775 quam

147 801 189 839 in
218 802 320 839 meis.

263 867 302 907 C.
335 867 377 907 F.
409 866 469 906 W.
501 866 710 906 Muellerus
757 865 796 904 in
844 864 953 904 Coni.
1002 863 1103 903 Tull.
1146 876 1182 915 p.
1220 863 1269 901 14
1330 860 1570 906 Ciceronem,

150 936 387 987 ubicumque
423 935 462 974 in
501 935 755 974 exclamando
801 933 1065 974 accusativum
1113 932 1168 971 rei
1215 937 1345 984 ponat,
1399 930 1432 969 Ο
1482 935 1573 969 ante

149 1018 233 1045 eam
295 1017 377 1044 rem
438 1004 618 1057 posuisse
687 1003 889 1043 contendit
955 1008 1094 1054 atque,
1174 1000 1413 1051 ubicumque
1481 999 1573 1038 illud

151 1074 293 1114 Onon
332 1073 574 1120 inveniatur,
621 1073 846 1113 coniectura
893 1071 1146 1112 inserendum
1187 1075 1331 1109 censet.
1395 1067 1573 1108 Hominis

150 1143 366 1183 doctissimi
413 1142 618 1188 rationem,
665 1142 736 1181 etsi
769 1141 922 1181 Baitero
959 1140 1115 1194 probari
1154 1138 1395 1185 videbamus,
1445 1143 1573 1176 tamen

150 1225 221 1252 nos
252 1212 361 1252 initio
393 1211 627 1251 reiciendam
662 1210 996 1256 existimavimus3
1038 1215 1162 1249 artem
1195 1208 1297 1247 enim
1331 1206 1573 1253 statisticam,

151 1287 195 1321 ut
243 1281 295 1320 ita
345 1281 489 1329 dicam,
541 1280 696 1320 odimus
751 1292 877 1332 neque
930 1279 1020 1319 inde
1069 1279 1237 1318 multum
1287 1277 1332 1316 ad
1379 1275 1576 1316 Ciceronis

153 1362 374 1390 sermonem
421 1350 742 1389 constituendum
789 1348 936 1389 hauriri
980 1361 1093 1401 posse
1137 1354 1336 1400 putamus.
1397 1345 1493 1384 Nam
1534 1350 1577 1384 ut

152 1419 296 1465 Livius,
314 1419 471 1459 Tacitus
488 1418 628 1470 aliique
648 1419 858 1470 scriptores
877 1418 1031 1458 dicendi
1049 1430 1188 1469 genere
1207 1429 1320 1469 saepe
1344 1421 1511 1455 utuntur
1529 1413 1575 1453 ad

155 1500 334 1528 normam
367 1488 620 1539 regulamque
652 1487 800 1527 directo
832 1493 948 1539 atque
996 1487 1111 1526 certis
1149 1486 1297 1536 legibus
1334 1484 1577 1534 vinculisque

154 1557 378 1602 constricto,
411 1556 463 1596 ita
495 1556 640 1603 Cicer0,
672 1555 817 1595 arbiter
847 1556 909 1595 ille
940 1555 1236 1608 potentissimus
1268 1553 1465 1599 orationis,
1499 1558 1576 1592 tam

155 1627 275 1666 libere
323 1632 480 1677 tamque
527 1625 652 1664 solute
698 1626 736 1664 in
784 1624 990 1664 scribendo
1036 1630 1226 1671 versatur,
1273 1629 1317 1663 ut
1363 1621 1575 1663 cavendum

157 1702 356 1748 putemus,
387 1707 435 1734 ne
468 1694 532 1734 tali
563 1694 709 1734 ratione
742 1694 823 1746 ipse
846 1694 979 1734 Cicero
1000 1694 1131 1747 potius
1153 1698 1575 1745 corrumpaturquam

157 1765 373 1805 scribarum
406 1777 558 1803 errores
590 1763 846 1815 corrigantur.
899 1764 1000 1802 Sane
1023 1763 1132 1802 facile
1154 1769 1213 1802 est
1245 1763 1294 1802 ita
1328 1761 1577 1801 concludere:

157 1833 314 1886 ‘Viginti
359 1834 453 1873 locis
491 1833 625 1873 Cicero
670 1833 743 1872 1100
788 1832 974 1872 vocabulo
1022 1833 1165 1882 utitur3
1213 1845 1290 1871 uno
1337 1832 1419 1870 1000
1465 1829 1578 1868 lectio

157 1903 361 1951 abliorret3
412 1915 493 1953 age,
546 1901 787 1953 corrigamus
839 1908 954 1954 atque
1006 1901 1202 1941 Ciceronis
1254 1914 1376 1953 genus
1427 1899 1578 1939 dicendi

158 1971 396 2023 sequamur’.
465 1971 589 2011 Facile
629 1971 680 2010 ita
719 1971 967 2011 concluditur
1013 1984 1138 2023 neque
1185 1984 1273 2010 vero
1319 1975 1442 2016 recte,
1488 1980 1577 2007 nam

160 2047 236 2080 tam
271 2040 436 2080 Proteus
467 2039 600 2080 Cicero
632 2046 691 2081 est
722 2041 760 2080 in
793 2040 967 2080 oratione
1000 2039 1194 2083 varianda,
1233 2045 1276 2078 nt
1314 2044 1463 2078 certum
1497 2039 1580 2078 eius

164 2122 288 2160 genus
319 2109 471 2148 dicendi
504 2109 657 2162 saepius
690 2122 767 2149 non
800 2110 908 2149 facile
941 2109 1266 2162 deprehendatur.

275 2179 322 2218 Et
354 2184 482 2218 tamen
520 2184 559 2218 et
595 2191 665 2218 nos
711 2192 862 2218 errasse
905 2186 944 2218 et
981 2178 1209 2218 Muellerum
1250 2183 1352 2217 recte
1390 2176 1581 2215 iudicasse

161 2247 330 2298 ingenue
362 2247 610 2286 confitemur.
671 2247 774 2286 Nihil
812 2254 872 2287 est
907 2248 1009 2299 quod
1048 2260 1092 2286 ex
1130 2247 1213 2287 aliis
1246 2244 1443 2287 Ciceronis
1474 2244 1581 2283 libris

162 2317 267 2355 locos
299 2316 542 2363 adferamus3
589 2316 776 2356 sescentis
817 2317 920 2356 enim
959 2316 1053 2356 locis
1090 2317 1184 2356 illud
1218 2316 1250 2355 O
1281 2315 1500 2359 invenitur3
1534 2326 1582 2353 ue

164 2385 200 2424 id
244 2385 400 2437 quidem
441 2397 810 2431 commemoramus,
851 2386 884 2425 Ο
922 2386 959 2425 111
994 2387 1050 2425 eis
1081 2385 1208 2431 libris,
1249 2385 1314 2436 qui
1355 2384 1582 2424 melioribus

164 2454 362 2494 codicibus
393 2455 585 2502 nituntur,
625 2455 731 2494 nullo
770 2455 853 2495 loco
891 2455 1082 2495 omissum
1121 2467 1218 2501 esse,
1258 2460 1391 2493 contra
1424 2453 1463 2492 in
1495 2465 1581 2504 epp.

162 2523 208 2563 ad
260 2523 448 2568 Atticum,
510 2536 606 2574 quas
659 2523 756 2562 male
808 2523 967 2562 traditas
1013 2536 1099 2563 esse
1146 2523 1374 2575 opinamur,
1428 2521 1582 2573 saepius

165 2592 389 2632 desiderari.
463 2591 543 2630 lloc
588 2591 692 2630 dico:
744 2592 950 2631 Muellerus
1001 2598 1040 2631 et
1090 2598 1193 2631 recte
1240 2591 1272 2631 Ο
1325 2592 1361 2629 111
1413 2590 1582 2629 Mediceo

166 2662 355 2701 omissum
395 2674 479 2701 esse
517 2660 718 2700 contendit
763 2666 801 2699 et
846 2660 1112 2713 compluribus
1156 2660 1249 2699 locis
1294 2659 1515 2699 coniectura
1550 2659 1582 2698 0
