1821 3077
599 149 1046 191 —131—

117 272 160 318 A,
184 271 224 318 B,
247 270 287 318 C,
320 283 419 323 quos
450 269 732 308 Wilmannsius
763 268 815 307 ita
847 268 979 315 edidit,
1020 274 1063 307 ut
1092 267 1123 306 A
1154 267 1370 319 principem
1411 264 1539 316 expri—

119 347 252 386 meret,
283 339 426 391 quibus
465 338 561 378 locis
592 338 621 377 B
660 345 698 377 et
729 336 756 376 C
794 336 1048 376 dissentirent
1083 335 1298 375 adnotaret.
1359 334 1389 373 Α
1419 333 1540 385 igitur

115 411 141 448 s.
165 408 248 448 30r
277 408 372 448 11300
402 407 539 447 habet:

194 509 330 535 versus
361 497 387 535 4
416 494 676 547 Epz'stolarum
707 495 884 534 ciceronis
915 493 976 533 lib.
1003 491 1097 532 XVI
1121 494 1163 531 in
1192 503 1269 531 uno
1300 491 1422 531 codice

365 582 389 620 5
422 582 612 633 Epistolae
643 583 823 621 ciceronis
852 583 894 620 in
923 579 1234 633 quaternionibus

422 651 521 690 infra
568 651 663 690 haec
708 650 850 702 scripta
898 655 991 689 sunt
1036 649 1211 701 epistolae
1252 649 1431 688 ciceronis
1478 647 1540 686 di—

499 732 629 759 versae

371 806 395 845 6
427 805 521 845 Item
561 805 737 858 epistolae
779 807 958 846 ciceronis
1004 805 1186 845 diversae.
1263 803 1357 843 Item
1407 805 1543 843 marcii

500 875 602 915 tullii

369 963 392 1000 7
425 965 601 1002 ciceronis
642 962 887 1014 epistolarum
928 963 990 1002 lib.
1013 961 1104 1001 ΙΙΙΙ.
1136 964 1177 1001 in
1205 974 1283 1001 uno
1315 961 1393 1000 cod.

120 1063 198 1103 Nos
243 1076 330 1103 eum
379 1064 462 1103 cod.
501 1064 568 1115 qui
607 1070 666 1103 est
702 1063 742 1102 in
782 1077 834 1104 vs.
867 1065 893 1102 4
930 1070 968 1103 et
1000 1063 1230 1102 Sichardum
1269 1062 1466 1101 invenisse
1504 1068 1543 1101 et

118 1133 234 1172 Beato
280 1132 485 1172 tradidisse
530 1134 756 1185 opinamur;
795 1144 884 1171 nam
925 1139 1015 1172 nota
1052 1145 1150 1184 quae
1191 1138 1250 1171 est
1287 1131 1387 1170 infra
1425 1143 1480 1169 vs.
1515 1130 1538 1168 5

121 1201 232 1241 nohis
269 1201 422 1242 videtur
458 1202 636 1254 probare,
683 1208 720 1241 et
758 1202 841 1240 cod.
881 1202 920 1240 in
958 1214 1015 1241 vs.
1039 1202 1062 1240 5
1095 1213 1181 1252 epp.
1213 1200 1260 1239 ad
1292 1202 1383 1240 fam.
1415 1198 1542 1239 conti-

121 1271 256 1310 nuisse
286 1277 325 1310 et
355 1271 439 1310 cod.
471 1271 512 1309 in
543 1283 598 1310 vs.
622 1271 647 1309 4
679 1283 765 1323 epp.
798 1271 843 1310 ad
875 1270 952 1309 Att.
985 1270 1186 1309 habuisse:
1234 1270 1328 1309 haec
1368 1269 1399 1308 si
1438 1275 1542 1308 recte

120 1339 349 1387 conicimus,
397 1340 480 1379 cod.
514 1340 689 1379 Sichardi
721 1339 778 1378 vel
816 1339 1167 1378 Laurisheimensis
1199 1339 1272 1378 hac
1313 1351 1354 1377 re
1386 1350 1475 1377 011111
1517 1337 1541 1375 Ζ

122 1407 343 1448 consentire
374 1409 537 1451 videtur.
576 1409 679 1460 quod
712 1416 875 1460 uterque
908 1408 991 1447 cod.
1012 1408 1097 1447 XVI
1128 1407 1248 1447 libros
1279 1419 1366 1460 epp.
1399 1407 1445 1447 ad
1474 1407 1544 1446 At-

123 1477 240 1517 ticum
288 1477 455 1517 habehat
493 1485 609 1529 atque
647 1491 733 1530 epp.
772 1479 817 1517 ad
851 1477 924 1525 Qu.
952 1479 1000 1517 fr.
1034 1485 1071 1516 et
1102 1477 1148 1516 ad
1180 1478 1345 1516 Brutum
1379 1475 1544 1516 carebat.

121 1546 296 1598 Denique
328 1546 368 1585 L.
393 1547 583 1586 Gurlittus
615 1547 653 1585 in
687 1559 728 1586 ea
761 1547 1089 1586 commentatione
1126 1559 1223 1599 quae
1255 1553 1314 1585 est
1350 1546 1390 1584 in
1422 1545 1545 1585 Iahnii

123 1615 222 1654 Ann.
253 1615 297 1654 N.
321 1615 360 1655 S.
389 1627 422 1654 a.
455 1615 561 1655 1885
593 1628 630 1667 p.
665 1615 741 1654 561
775 1623 880 1654 recte
925 1616 1150 1655 adfirmasse
1196 1615 1360 1662 videtur,
1408 1614 1472 1654 lib.
1495 1614 1545 1653 ltt

126 1697 213 1736 epp.
253 1684 299 1722 ad
330 1684 402 1731 Qu.
442 1686 489 1723 fr.
535 1691 573 1723 et
619 1697 741 1723 unum
789 1684 930 1723 librum
978 1698 1064 1738 epp.
1109 1685 1155 1724 ad
1198 1685 1365 1724 Brutum
1420 1695 1543 1722 unum

123 1754 293 1793 codicem
327 1754 447 1793 fuisse
485 1760 601 1804 atque
631 1753 751 1792 istum
782 1753 1016 1804 singularem
1048 1754 1220 1793 codicem
1252 1753 1291 1792 in
1314 1765 1390 1792 vss.
1414 1752 1438 1791 6
1462 1758 1500 1791 et
1522 1752 1545 1790 7

125 1823 306 1862 indicari:
353 1835 426 1861 nos
470 1834 562 1861 vero
609 1822 873 1874 suspicamur,
929 1823 1049 1862 istun]
1102 1835 1257 1874 quoque
1305 1821 1478 1860 codicem
1527 1833 1545 1858 3

128 1892 314 1931 sichardo
346 1893 550 1930 inventum
581 1898 618 1930 et
649 1890 862 1930 Cratandro
895 1892 1186 1930 commodatum
1219 1903 1316 1930 esse.
1379 1891 1454 1929 Sed
1500 1889 1546 1927 ad

125 1973 211 2012 epp.
244 1961 288 2000 ad
323 1961 493 1999 Atticum
525 1960 720 1999 redimus:
767 1971 856 1998 cum
888 1965 926 1999 et
948 1960 973 1998 Z
997 1960 1173 2013 epistulis
1205 1960 1251 1999 ad
1273 1937 1415 2007 Quifr.
1439 1965 1478 1997 et
1499 1959 1545 1997 ad

127 2030 290 2069 Brutum
337 2029 510 2068 caruisse
557 2036 707 2068 certum
752 2029 802 2067 sit
833 2029 900 2080 (cf.
933 2042 1049 2082 supra
1081 2042 1117 2081 p.
1145 2030 1240 2077 115)
1288 2036 1325 2068 et
1356 2041 1376 2067 a
1417 2028 1549 2067 codice

128 2097 469 2138 Laurisheimensi.
510 2111 587 2149 quo
620 2097 876 2137 Cratandrum
918 2110 1032 2137 usum
1070 2111 1154 2137 esse
1193 2098 1270 2136 veri
1313 2097 1438 2137 simile
1476 2103 1546 2143 est,

127 2166 242 2205 iidem
273 2166 360 2206 libri
388 2167 532 2206 afuisse
563 2167 777 2214 videantur,
810 2168 1039 2213 conicimus,
1071 2173 1190 2205 totam
1213 2167 1372 2206 alteram
1396 2172 1545 2217 partem

129 2235 359 2282 stemmatis,
391 2236 493 2287 quod
526 2235 817 2282 constituimus,
854 2235 884 2273 Y
905 2254 960 2268 =
982 2235 1120 2282 CZW,
1167 2236 1353 2287 epistulas
1390 2236 1434 2274 ad
1473 2236 1546 2282 Qu.

129 2307 176 2343 fr.
210 2311 249 2344 et
278 2304 324 2343 ad
357 2305 520 2343 Brutum
554 2316 632 2343 11011
665 2303 858 2343 habuisse.

244 2410 340 2449 Cum
384 2410 555 2461 reliquos
592 2409 710 2449 libros
742 2422 762 2449 a
795 2411 910 2449 Beato
943 2410 1065 2449 editos
1098 2409 1325 2454 evolverem,
1368 2416 1410 2448 ut
1443 2408 1546 2447 vide-

129 2491 210 2518 rem
243 2491 366 2529 ecquo
398 2478 517 2517 altero
545 2478 629 2517 loco
651 2479 732 2518 cod.
757 2479 1107 2518 Laurislieimensis
1131 2478 1369 2517 mentionem
1393 2480 1546 2524 faceret,

131 2546 225 2586 nihil
260 2548 430 2599 repperi3
464 2547 604 2597 itaque,
635 2546 709 2586 nisi
741 2549 828 2599 quis
862 2561 921 2587 me
954 2548 1101 2586 felicius
1133 2548 1188 2586 vel
1213 2546 1435 2598 diligentius
1465 2559 1546 2586 rem

131 2615 305 2666 gesserit,
338 2616 431 2655 haec
461 2616 664 2654 adfirmare
696 2616 754 2654 vel
786 2617 973 2667 suspicari
1004 2616 1152 2656 licebit:
1192 2618 1228 2664 1)
1250 2615 1308 2653 J0.
1339 2615 1549 2655 Sichardus

132 2683 170 2722 in
204 2684 434 2723 bibliotheca
460 2684 787 2723 Laui-islioimeusi
820 2699 904 2737 epp.
930 2686 973 2724 ad
998 2686 1166 2724 Atticum
1203 2685 1350 2724 invenit
1380 2698 1548 2737 eumque

1289 2752 1332 2786 9*
