1821 3077
598 178 714 183 -———
783 154 859 195 137

112 283 208 315 certe
253 282 294 314 itt
337 275 421 314 hiuc
466 273 620 313 avolem.
686 272 896 311 Lambinus
937 272 972 310 in
1014 270 1142 309 codice
1175 269 1418 308 Tin-nesiano
1456 272 1530 308 sive

108 343 316 396 periculose
362 341 509 382 invenit
552 355 596 381 ex
645 354 763 393 eaque
806 341 970 379 lectione
1017 345 1119 378 recte
1164 342 1198 378 si
1232 338 1291 378 vel
1326 338 1532 390 periculose

113 412 238 452 effecit
269 413 331 460 (cf.
365 424 481 464 supra
513 424 548 463 p.
574 410 627 461 8).
676 411 715 449 ln
740 410 775 448 M
797 416 855 449 est
886 412 960 449 sive
989 408 1168 461 periculo,
1202 408 1240 446 in
1272 407 1313 453 E,
1332 407 1376 455 Ο,
1395 407 1426 446 R
1457 411 1531 447 sive

108 481 336 534 periculose:
385 480 518 532 ecquis
565 479 707 527 credit,
753 481 789 518 Σ
831 479 877 517 ab
925 477 1034 517 initio
1081 490 1126 516 ex
1168 477 1200 515 M
1247 479 1321 516 sive
1362 476 1532 528 periculo

114 551 307 597 habuisse,
339 555 429 602 post
459 548 759 600 interpolatione
790 551 865 587 sive
892 545 1113 599 periculose,
1146 558 1244 598 quae
1266 545 1379 584 lectio
1403 545 1532 596 priore

114 620 232 659 nihilo
278 619 415 659 melior
459 624 552 665 erat,
599 616 821 669 accepisse?
861 640 912 645 —-
944 616 977 654 X
1006 616 1043 663 4,
1073 615 1115 654 5:
1164 614 1377 654 Praeclara
1417 616 1532 666 igilur

114 693 337 730 conscientia
367 695 563 734 sustentor,
597 700 679 727 cum
713 690 827 739 coyito
859 698 917 725 me
951 685 992 725 cle
1022 697 1063 724 re
1090 684 1246 736 publica
1267 690 1334 723 aut
1355 686 1534 723 *merm'sse

114 761 258 811 optime,
303 771 388 798 cum
428 759 629 810 potuerim,
678 763 742 796 aia
782 763 877 795 certe
914 767 1122 807 numquam
1153 756 1229 792 uisi
1255 755 1313 805 pie
1346 755 1530 804 coyicasse.

116 828 253 868 Rosius
285 841 330 867 ex
351 827 515 866 lectione
543 826 685 866 codicis
715 825 962 871 Turnesiani,
995 836 1092 875 quae
1124 829 1206 861 erat
1232 825 1307 862 uisi
1325 823 1396 867 (lie,
1429 829 1533 861 rec-te

114 899 189 936 nisi
211 900 273 949 pie
305 896 490 935 coniecit:
521 895 572 934 Μ]
597 908 667 947 pro
691 897 765 934 nisi
783 894 839 933 (lie
862 893 978 932 habet
1007 892 1146 945 inficlie,
1180 891 1231 930 M2
1265 891 1398 942 infide:
1433 891 1474 938 Ε,
1496 891 1527 930 Ο

116 969 190 1006 uisi
233 967 300 1013 die,
347 965 380 1004 R
424 968 500 1005 nisi
543 966 650 1005 diem.
714 963 810 1010 Quis
857 962 999 1009 credat,
1048 961 1086 1008 Z,
1133 962 1178 1000 de
1221 960 1332 1000 cuius
1370 960 1534 999 lectione

116 1048 231 1088 supra
263 1048 299 1088 p.
323 1034 347 1074 8
379 1034 560 1081 diximus,
593 1047 633 1073 ea
666 1032 959 1085 interposuisse,
992 1043 1089 1082 quae
1121 1030 1267 1069 nullam
1300 1029 1533 1068 sententiam

117 1105 272 1151 liabent,
305 1110 420 1156 atque
451 1117 493 1143 ea
527 1103 725 1150 delevisse,
758 1115 855 1154 qnae
887 1114 963 1140 non
988 1101 1142 1147 bonam,
1175 1107 1214 1138 at
1243 1098 1410 1150 aliquam
1445 1111 1535 1137 sen-

117 1175 274 1214 tentiam
324 1166 540 1226 praebent?
585 1172 681 1220 Quis
727 1171 860 1210 eadem
909 1169 1071 1209 stultitia
1109 1170 1146 1207 Σ
1188 1168 1225 1207 in
1266 1167 1535 1220 interpolando

117 1248 311 1282 versatum
357 1255 442 1282 esse
478 1238 703 1281 existimet?
750 1240 891 1279 Contra
930 1240 1000 1286 fac,
1049 1238 1086 1277 in
1118 1238 1325 1290 archetypo
1357 1237 1533 1276 omnium

115 1312 291 1352 codicum
338 1311 410 1350 levi
456 1323 587 1350 errore
624 1323 694 1362 pro
732 1313 807 1349 uisi
834 1308 919 1348 ΡΙΕ
953 1309 1072 1347 fnisse
1105 1307 1294 1360 scriptum
1326 1310 1402 1347 uisi
1428 1306 1534 1347 DIE:

116 1380 244 1420 omnia
275 1386 391 1420 erunt
421 1380 646 1432 perspicua3
678 1391 767 1418 nam
800 1385 838 1417 et
862 1379 885 1416 Z
919 1384 957 1416 et
980 1379 1017 1416 Ω
1048 1377 1228 1428 religiose
1258 1378 1331 1416 uisi
1362 1377 1420 1416 die
1451 1389 1536 1415 ser-

116 1456 275 1498 varunt3
321 1463 367 1489 ex
399 1452 436 1489 Ω
465 1451 542 1489 uisi
571 1450 628 1489 (lie
660 1448 697 1487 in
730 1450 767 1486 Ε
796 1449 1014 1500 profectum
1048 1452 1119 1493 est,
1159 1452 1294 1485 contra
1326 1445 1371 1493 is,
1404 1445 1470 1497 qui
1502 1445 1535 1483 M

117 1519 289 1571 scripsit,
337 1531 424 1558 cum
470 1519 561 1570 quid
609 1520 684 1557 nisi
729 1518 786 1557 (lie
833 1522 935 1555 esset
979 1528 1056 1554 non
1104 1515 1360 1566 intellegeret,
1406 1515 1536 1567 iufidie

118 1589 259 1641 posuit.
306 1612 359 1616 —-
390 1588 425 1627 X
447 1588 484 1633 5,
507 1587 549 1626 2:
584 1587 776 1637 Rescre'psi
813 1589 848 1625 ei
875 1585 1154 1629 stomachosius,
1189 1597 1271 1623 cum
1302 1587 1379 1623 ioco
1411 1591 1536 1624 tamen,

115 1657 317 1710 familiari.
380 1657 575 1696 Manutius
621 1659 654 1695 ei
698 1655 962 1695 stomachosz'us
1008 1667 1052 1692 ex
1084 1653 1248 1692 lectione
1281 1652 1535 1692 Cratandrina

118 1726 322 1766 Iscomacho
352 1725 497 1773 eliacim
543 1725 577 1763 M
618 1738 706 1763 vero
740 1724 852 1763 habet
902 1731 934 1763 et
978 1726 1046 1762 isto
1081 1722 1207 1761 madio
1244 1725 1278 1762 si
1312 1725 1377 1762 vis.
1423 1722 1473 1761 Ο1
1505 1729 1538 1761 et

115 1795 344 1835 iustomacho
383 1797 417 1834 si
454 1798 518 1834 vis.
562 1806 797 1845 quamquain
847 1793 886 1831 cli
935 1793 1026 1832 satis
1074 1794 1236 1832 obscura
1284 1798 1387 1838 sunt,
1435 1791 1464 1830 R
1505 1798 1539 1830 et

117 1864 346 1905 iustomacho
376 1865 412 1902 si
439 1852 511 1909 vis:
546 1863 574 1901 P
605 1869 638 1902 et
669 1865 708 1901 iu
739 1870 901 1902 stomaco
932 1865 975 1909 si,
1018 1870 1105 1914 post.
1140 1865 1173 1903 si
1202 1862 1322 1901 codex
1352 1861 1443 1909 hiat,
1483 1863 1538 1900 vis

116 1941 175 1972 est
216 1933 427 1972 omissum:
480 1939 650 1984 apparet,
697 1934 733 1970 Σ
778 1933 899 1971 inulto
944 1933 1104 1983 propius
1150 1932 1196 1971 ad
1242 1930 1537 2001 sinQitudineni

117 2002 292 2042 lectionis
325 2001 601 2041 Cratandrinae
647 2002 828 2040 accedere
868 2014 992 2052 neque
1035 2014 1123 2040 vero
1162 2014 1259 2047 esse,
1307 2013 1376 2039 cui·
1417 2000 1539 2039 inter-

119 2071 315 2123 polatione
346 2070 550 2109 lectionem
585 2072 622 2109 Σ
651 2078 774 2109 ortam
808 2084 892 2109 esse
925 2070 1183 2122 suspicemur,
1225 2082 1311 2108 cuin
1347 2071 1382 2108 Σ
1418 2069 1538 2108 nihilo

123 2139 257 2179 melior
289 2139 339 2178 sit
369 2152 485 2190 quani
512 2139 558 2177 M.
583 2163 634 2167 —
666 2139 715 2178 Xl
741 2140 777 2186 5,
805 2141 845 2178 1:
878 2141 1037 2191 suerunt
1069 2139 1217 2191 quidem
1249 2146 1386 2183 taietae,
1419 2145 1459 2177 ut
1489 2137 1538 2183 id,

118 2209 216 2261 quod
248 2209 359 2254 eides,
391 2208 593 2261 effecerint.
645 2209 720 2247 Pro
752 2216 879 2248 [suetae
914 2217 950 2247 ul
975 2208 1019 2245 W
1053 2208 1167 2247 habet
1199 2215 1303 2248 lanta
1324 2208 1399 2259 suit
1422 2207 1538 2246 simili

119 2290 250 2317 errore
281 2284 396 2328 atque
429 2277 454 2315 Z
486 2283 525 2316 et
556 2279 592 2316 E
619 2277 654 2316 X
677 2278 713 2324 4,
737 2279 760 2316 Ξ)
795 2281 867 2317 uisi
896 2278 969 2324 (lle,
1004 2290 1090 2316 nani
1125 2277 1158 2315 F
1187 2290 1256 2329 pro
1288 2278 1318 2316 Ε
1348 2277 1537 2327 scriplum

119 2354 200 2395 θεὶς
232 2346 364 2386 eadem
388 2346 502 2384 lectio
525 2352 583 2385 est
604 2347 641 2385 in
667 2346 718 2394 O3
742 2346 776 2384 M
810 2347 925 2385 habet
957 2353 1073 2386 ulula.
1121 2345 1228 2393 Fua3
1261 2346 1293 2384 R
1316 2353 1420 2384 tanta
1441 2347 1540 2384 euim

119 2417 206 2467 fuit,
240 2415 267 2454 P
299 2422 447 2454 tantum
475 2417 573 2454 euim
599 2417 691 2466 [ΜΒ
727 2423 887 2467 uterque
911 2415 1027 2466 igitur
1050 2415 1169 2454 codex
1192 2414 1295 2453 inani
1319 2414 1539 2465 suspicione

122 2485 347 2537 inquinatus
387 2491 456 2523 est.
520 2484 660 2523 Contra
693 2484 729 2523 Μ
767 2485 969 2537 effecerunt
1007 2485 1122 2523 habet
1154 2496 1222 2536 pro
1254 2484 1455 2536 effecerim,
1494 2482 1539 2520 W

121 2560 160 2593 et
181 2553 280 2601 O,R,
296 2553 324 2592 P
346 2553 534 2606 effecerint
557 2560 772 2592 servarunt.
815 2553 915 2600 Quid
939 2552 1057 2604 ergo?
1082 2554 1121 2593 Si
1144 2555 1181 2592 Σ
1199 2566 1243 2592 ex
1268 2553 1301 2591 M
1325 2558 1539 2604 prognatus

121 2629 235 2670 esset,
267 2635 344 2674 quo
378 2623 532 2661 tandein
569 2622 682 2660 niodo
715 2622 796 2660 lieri
829 2623 968 2674 potnit,
1011 2630 1051 2661 nt
1082 2625 1118 2662 Σ
1146 2623 1346 2675 effecerint,
1380 2621 1415 2660 M
1448 2621 1539 2674 effe-

123 2699 253 2731 cerunt
275 2689 442 2730 habeat?
489 2692 544 2729 An
581 2691 664 2737 fuit,
696 2691 759 2741 qni
795 2691 843 2730 ita
877 2704 1006 2730 secum
1032 2691 1233 2743 cogitaret:
1268 2690 1536 2729 ‘Indicativuni
