1889 3094
384 423 445 462 HI.

386 698 444 736 lv,

897 166 1280 206 —2—

496 285 714 325 salutem.
779 285 876 324 Etsi
908 297 996 324 non
1027 284 1302 323 dubitabam,
1333 288 1415 322 etc.
1477 283 1670 322 Tertius
1701 282 1791 322 des.

495 357 559 394 mi
584 356 860 393 suavissime
890 360 933 393 et
963 354 1131 403 optime
1161 353 1337 403 frater.

497 435 590 474 pag.
623 423 689 461 47.
735 422 950 461 Eiusdem
983 420 1204 473 Epistola
1234 420 1289 459 ad
1322 420 1647 460 Octavianum.
1698 420 1792 459 lnc.

496 491 545 530 Si
569 503 655 543 per
686 497 799 530 tuas
831 492 1034 542 leqiones
1064 494 1148 527 etc.
1210 489 1309 528 Des.
1345 489 1484 528 simul
1519 490 1685 541 fayore
1715 490 1794 529 ‹Ie-

498 562 638 599 crevi.
699 559 819 598 Haec
851 565 1004 598 tamen
1043 557 1257 608 Epistola
1303 569 1392 596 non
1430 563 1499 597 est
1530 558 1793 599 Ciceronis.

499 629 575 668 sed
608 627 942 667 declamatoris
973 626 1191 665 alicuius.

495 710 595 749 pag.
647 697 712 735 49.
793 696 1014 735 Eiusdem
1075 694 1405 746 Epistolarum
1474 695 1526 734 ad
1587 694 1795 734 Atticum

497 766 627 805 Libri
673 764 767 804 XVI.
858 764 967 803 Heic
1012 769 1173 802 tamen
1220 763 1358 802 Liber
1403 763 1485 802 XVI
1531 763 1707 802 desinit
1751 763 1796 802 in

497 835 670 874 verbis:
717 846 828 886 quae
870 834 920 872 de
954 832 1171 871 Caesaris
1213 834 1326 871 actis
1367 834 1651 882 interposita
1690 838 1798 871 sunt

496 916 587 942 nou
623 909 868 942 serventur
904 913 1113 952 maqnam
1149 913 1381 951 ...quae
1417 901 1697 952 pertinent.
1740 901 1796 939 ad

497 971 758 1023 Epistolam
791 971 1077 1021 inscriptam
1111 969 1148 1008 L.
1173 968 1352 1008 Planco·
1383 968 1453 1007 Pr.
1477 969 1622 1021 Desiq.

610 1040 784 1079 Graeca
826 1039 967 1078 verba
1013 1039 1112 1077 suis
1155 1037 1271 1076 locis
1303 1043 1416 1077 sunt
1447 1043 1657 1077 exarata
1687 1038 1796 1078 cha-

497 1114 681 1148 ractere
703 1107 955 1159 quadrato,
989 1107 1248 1157 eademque
1279 1107 1334 1145 ad
1357 1119 1486 1146 oram
1518 1106 1633 1146 libri
1664 1119 1798 1161 repe-

499 1177 593 1217 tita
618 1181 881 1216 occurrunt
904 1176 1190 1214 charactere
1213 1174 1402 1221 minori,
1436 1181 1609 1216 etcum
1644 1178 1799 1218 inter-

499 1246 769 1297 pretatione
802 1244 988 1291 Latina‚
1034 1250 1079 1283 et
1109 1243 1310 1294 quidem
1344 1243 1401 1282 ab
1434 1245 1609 1284 eadem
1644 1259 1798 1293 manu,

499 1327 641 1365 quam
703 1314 817 1354 item
878 1314 924 1352 in
985 1312 1155 1352 Codice
1207 1312 1282 1350 VII.
1353 1312 1797 1363 animadvertimus,

499 1395 715 1434 quaeque
758 1390 828 1423 est
858 1381 1044 1422 Colucii
1076 1379 1223 1419 Pierii
1269 1380 1324 1419 de
1373 1381 1623 1432 Stignano‚
1667 1382 1799 1423 ut‘se

501 1452 546 1490 in
579 1452 708 1491 calce
741 1451 936 1491 ultimae
967 1450 1162 1502 paginae
1194 1449 1489 1497 subscribit;
1527 1457 1633 1503 post
1663 1452 1801 1492 cuius

501 1520 947 1571 subscriptionem
980 1517 1311 1568 subiungitur:
1355 1518 1562 1559 Donatus
1592 1520 1799 1562 Accz'az‘o-

503 1589 574 1629 las
604 1592 708 1628 emit
739 1602 762 1628 a
792 1588 970 1628 Donato
992 1588 1210 1628 Arretino
1231 1587 1463 1627 Leonardi
1489 1589 1612 1639 filio.
1658 1590 1801 1630 Eius-

501 1657 600 1696 dem
662 1663 793 1696 certe
854 1670 1035 1703 manus,
1096 1670 1181 1708 qua
1233 1655 1442 1695 Coluccii
1501 1657 1799 1710 subscriptio

501 1728 630 1765 facta
661 1731 758 1773 est,
802 1726 1051 1765 videntur
1082 1739 1194 1765 esse
1225 1725 1451 1777 pleraque
1484 1727 1800 1778 marginibus

503 1794 663 1833 totius
729 1794 986 1833 voluminis
1047 1795 1102 1833 ad
1163 1794 1362 1833 indicis
1424 1795 1800 1835 memorabilium

503 1876 673 1902 rerum
728 1863 910 1901 modum
964 1863 1234 1909 commissa,
1288 1868 1336 1901 ut
1380 1862 1492 1901 item
1538 1863 1800 1903 lectionum

503 1931 783 1977 varietates,
816 1943 931 1981 quae
962 1933 1245 1981 frequenter
1276 1938 1541 1971 occurrunt
1572 1963 1711 1971 .....

504 1998 545 2043 2)
576 1998 622 2037 iis
665 1997 914 2045 lectionibus,
958 2011 1053 2050 quas
1092 1999 1237 2038 editio
1269 1999 1583 2038 Cratandrina
1617 1998 1802 2047 (Basileae

396 2066 517 2115 1528)
540 2066 656 2105 babet
685 2079 860 2117 quaeque
891 2074 1024 2118 postea
1047 2068 1085 2115 C,
1121 2073 1163 2106 ut
1190 2067 1229 2106 in
1249 2067 1357 2107 libris
1379 2068 1445 2119 qui
1469 2075 1561 2107 sunt
1583 2068 1628 2107 de
1659 2067 1801 2107 tinibus

394 2135 584 2173 bonorum
618 2141 656 2174 et
689 2135 878 2174 malornm
912 2148 931 2174 a
965 2135 1151 2187 Madvigio
1183 2136 1307 2181 editis,
1340 2137 1548 2188 appellatae
1579 2143 1684 2176 sunt.

506 2203 548 2254 3)
580 2203 605 2241 Z
643 2220 698 2237 =
736 2203 783 2242 iis
829 2204 1080 2252 lectionibus,
1127 2218 1222 2255 quas
1268 2218 1311 2244 ex
1358 2206 1460 2244 cod.
1499 2205 1802 2245 Turnesiano

394 2271 603 2310 Lambinus
635 2271 673 2310 in
706 2272 764 2310 ed.
787 2272 914 2323 priore
947 2272 1137 2319 (Lutetiae
1171 2274 1276 2313 1565
1309 2280 1346 2313 et
1380 2275 1503 2326 1566)
1535 2281 1573 2314 et
1602 2274 1640 2312 in
1672 2279 1804 2326 poste-

394 2339 561 2378 rioribus
592 2339 787 2389 (Lutetiae
812 2340 1018 2388 1572-73‚
1052 2343 1225 2381 Genevae
1256 2344 1374 2390 1577,
1407 2342 1649 2395 Argentorati
1684 2341 1802 2387 1581,

395 2408 567 2447 Genevae
611 2408 735 2459 1584)
781 2409 827 2448 ab
873 2409 956 2448 aliis
1002 2411 1145 2450 curatis
1191 2417 1228 2450 et
1260 2412 1396 2451 Bosius
1442 2413 1481 2451 in
1526 2423 1594 2450 sua
1636 2410 1803 2450 editione

394 2476 572 2527 (Ratiasti
601 2476 849 2516 Lemovicum
887 2477 1012 2530 1580)
1043 2480 1270 2519 attulerunt.

507 2546 547 2591 4)
578 2545 613 2584 Χ
633 2564 688 2578 ——-
710 2546 806 2585 cod.
833 2545 1126 2595 Crusellino,
1159 2548 1268 2587 cuius
1288 2548 1517 2588 lectionibus
1542 2547 1640 2586 idem
1668 2545 1802 2585 Bosius

395 2625 434 2650 se
466 2625 582 2652 usum
615 2627 700 2653 esse
733 2614 900 2666 scripsit.

508 2682 548 2731 5)
580 2682 609 2719 Y
630 2700 686 2716 Ξ
707 2684 803 2721 cod.
827 2684 1102 2723 decurtato
1135 2686 1191 2724 vel
1223 2685 1373 2723 Seidis
1406 2684 1576 2723 eiusdem
1611 2683 1726 2722 Bosii.
