1821 3077
626 132 1074 173 —163—

133 252 265 304 itaque
295 265 408 305 quam
437 264 510 291 nos
541 251 581 290 in
612 252 650 290 Σ
676 251 808 299 fuisse,
840 263 1070 303 quamquam
1100 250 1139 289 in
1173 250 1204 288 H
1236 263 1282 289 ex
1304 254 1343 289 Δ
1365 250 1424 288 vel
1455 263 1501 289 ex
1523 250 1559 288 M

132 324 352 374 profectum
385 333 470 360 esse
501 327 699 373 putamus.

246 390 439 437 Quoniam
473 402 528 437 ea,
569 402 667 440 quae
700 389 745 428 de
778 391 814 428 Σ
842 395 880 427 et
913 393 952 427 Δ
985 388 1043 427 vel
1074 393 1178 426 certa
1211 388 1268 426 vel
1300 387 1380 426 veri
1417 387 1556 426 similia

135 459 318 498 videntur
348 471 446 506 esse,
478 459 743 510 exposuimus,
776 470 881 497 nunc
911 458 985 496 iam

235 619 238 622 ⁴
282 581 333 615 de
364 580 505 616 codice
537 579 770 614 Veronensi
801 577 1136 623 petrarchaeque
1167 578 1410 623 apographo

133 678 255 717 pauca
286 665 516 716 loquemur;
555 676 793 716 quamquam
836 664 883 702 de
921 663 1007 715 ipso
1048 662 1180 702 codice
1211 663 1426 702 Veronensi
1460 664 1557 702 nihil

133 734 261 772 dicere
292 734 494 781 audemus,
527 733 628 784 quod
662 733 786 784 qualis
810 733 926 771 suerit
948 745 1019 771 nos
1042 732 1252 771 nescimus.
1302 732 1349 772 Et
1375 740 1500 772 lamen
1526 733 1557 771 is

132 803 252 842 codex
286 802 530 849 Veronensis,
565 803 655 841 dum
680 801 717 839 M
739 815 784 840 ex
812 815 857 841 eo
889 801 1042 853 abipso
1075 800 1282 840 petrarcha
1316 802 1555 854 descriptum

132 885 216 911 esse
247 872 351 912 docti
383 872 562 911 homines
595 872 856 918 crediderunt,
890 871 1031 909 multas
1066 871 1199 910 turbas
1230 870 1268 909 iu
1301 871 1479 922 epistulis
1511 872 1557 910 ad

131 941 302 981 Atticum
341 941 591 980 recensendis
631 941 779 986 ess'ecit3
827 953 915 978 uam
963 939 1149 991 philologi
1196 939 1299 991 iique
1340 940 1557 979 acutissimi

131 1010 310 1049 homines
342 1009 455 1062 quasi
488 1009 768 1062 superszitione
800 1009 966 1060 quadam
998 1010 1101 1061 capti
1133 1009 1182 1047 ob
1221 1021 1336 1048 unam
1386 1022 1556 1055 causam,

129 1079 234 1130 quod
283 1078 477 1118 Mediceus
523 1086 736 1131 prognatus
783 1085 887 1116 esset
931 1090 975 1116 ex
1023 1078 1153 1117 codice
1192 1077 1408 1116 Veronensi
1446 1078 1557 1129 isque

131 1147 252 1187 codex
273 1160 293 1187 a
315 1147 523 1186 petrarcha
554 1154 733 1199 repertus
765 1153 879 1193 esset,
912 1152 1059 1185 tantam
1083 1147 1202 1185 codici
1226 1146 1262 1185 M
1284 1147 1553 1186 auctoritatem

133 1217 366 1264 tribuerunt,
419 1223 460 1255 ut
509 1215 732 1255 existimare
785 1215 1008 1254 viderentur
1059 1228 1147 1254 eum
1201 1215 1386 1263 codicem,
1438 1229 1553 1267 quem

131 1286 339 1325 petrarcha
370 1285 596 1331 invenisset,
636 1298 678 1323 ea
718 1284 800 1336 ipsa
832 1297 885 1331 re,
932 1284 1035 1335 quod
1069 1297 1088 1322 a
1119 1283 1328 1323 Petrarcha
1374 1284 1557 1324 inventus

130 1362 246 1402 esset,
294 1353 471 1394 omniun]
518 1353 711 1405 optimum
758 1353 1009 1392 iudicandum
1055 1365 1151 1391 esse.
1214 1352 1283 1391 Est
1321 1353 1432 1405 quasi
1469 1354 1556 1405 quis

130 1423 336 1463 concludat
367 1423 521 1462 ‘Terrae
552 1423 626 1462 iste
659 1422 759 1461 filius
788 1434 998 1460 nummum
1023 1422 1188 1461 invenit:
1221 1434 1357 1461 aereus
1391 1423 1483 1469 fuit,
1517 1425 1555 1463 C.

129 1493 255 1533 Julius
295 1493 435 1532 Caesar
472 1504 680 1530 nummum
721 1491 890 1530 invenit:
934 1503 1077 1529 aureus
1116 1490 1215 1530 fuit'.
1269 1491 1404 1543 Neque
1451 1492 1553 1531 enim

131 1562 350 1608 petrarcha,
397 1573 484 1599 cum
527 1560 632 1599 illum
680 1560 851 1599 codicem
893 1560 1052 1606 invenit,
1100 1560 1136 1598 id
1169 1560 1300 1598 animo
1339 1561 1474 1611 agebat
1516 1569 1558 1600 ut

132 1631 323 1683 optimum
357 1629 528 1669 codicem
562 1628 767 1676 inveniret,
800 1642 926 1680 neque
962 1628 995 1667 is
1030 1629 1162 1675 codex,
1194 1641 1310 1679 quem
1349 1629 1556 1670 petrarcha

131 1700 290 1746 invenit,
343 1712 387 1738 eo
435 1699 519 1750 ipso
568 1706 762 1751 tempore,
810 1711 886 1749 quo
938 1698 1120 1736 inventus
1167 1704 1227 1735 est
1270 1711 1288 1737 a
1335 1698 1554 1747 Petrai-etna,

134 1768 312 1807 meliores
349 1767 535 1806 lectiones
568 1768 728 1807 deorum
754 1769 789 1806 vi
813 1781 855 1806 ac
878 1766 1040 1806 numine
1069 1766 1228 1818 accepit.
1291 1767 1441 1814 Quanta
1466 1782 1555 1807 vero

130 1837 340 1876 auctoritas
385 1836 556 1875 Mediceo
602 1836 651 1876 ob
700 1850 814 1875 unam
864 1848 1040 1881 causam,
1095 1835 1198 1886 quod
1246 1848 1289 1874 ex
1344 1836 1554 1889 YQonensi

129 1906 259 1946 codice
290 1908 488 1958 profectus
519 1919 603 1944 esse
637 1906 850 1952 videbatur,
899 1904 1041 1943 tributa
1075 1904 1136 1950 sit,
1184 1904 1244 1943 his
1276 1905 1370 1944 locis
1404 1906 1556 1945 intelle—

128 1975 244 2026 gitur.
297 1998 340 2002 -
393 1974 494 2018 114,
517 1974 540 2013 3
585 1975 789 2014 Proximus
836 1973 1006 2025 Pompeio
1051 1974 1224 2013 sedebam
1271 1974 1327 2020 313
1380 1974 1555 2014 Prom'me

128 2044 344 2096 Pompeium
375 2040 566 2098 sedebam]
598 2044 676 2083 ‘Sic
706 2043 858 2082 restitui
892 2057 934 2081 cx
969 2042 1165 2080 Diomede.
1227 2042 1329 2089 Quin
1362 2043 1417 2082 sic
1441 2044 1550 2082 habet

127 2120 166 2152 et
195 2114 316 2152 codex
348 2112 632 2152 Turnesianus:
667 2113 732 2151 sed
765 2112 1010 2158 correctoris,
1050 2125 1117 2150 seu
1152 2111 1280 2163 potius
1313 2113 1553 2164 corruptoris

128 2194 267 2221 manus
298 2182 426 2220 locum
459 2181 687 2232 inquinavit,
726 2191 765 2221 et
806 2180 1039 2233 depravavit'
1072 2180 1332 2227 Lambinus²3
1376 2184 1553 2231 proxime

127 2250 341 2301 Pompeium
364 2249 533 2300 L(mgo),
566 2249 638 2289 ZB.
681 2250 749 2289 Est
779 2250 882 2301 quod
908 2249 1020 2288 Bosio
1051 2249 1305 2288 diffidendum
1332 2249 1393 2295 sit,
1428 2262 1551 2300 neque

126 2331 216 2358 vero
249 2327 308 2359 est
338 2319 439 2370 quod
475 2318 708 2357 Lambinum
751 2318 909 2357 mentiri
951 2318 1179 2365 credamus3
1227 2319 1354 2369 itaque
1401 2326 1550 2356 certum

125 2395 197 2434 est,
231 2387 266 2426 in
300 2387 543 2434 Tui-uesiano
572 2390 746 2438 proaeime
778 2387 994 2438 Ponqmz'nm
1029 2387 1160 2425 fuisse.
1225 2386 1428 2425 Diomedes
1461 2399 1551 2425 vero

125 2463 197 2494 art.
230 2468 391 2507 gramm.
426 2456 490 2494 lit».
527 2456 536 2493 l
572 2470 607 2507 p.
640 2456 720 2494 410
754 2456 812 2494 ed.
847 2455 941 2494 Keil.
976 2455 1069 2494 haec
1103 2455 1235 2494 habet:
1270 2462 1551 2507 ''p1·opc‚prope

126 2537 182 2563 me
213 2533 276 2569 esc,
311 2532 351 2563 ut
383 2525 475 2563 dicit
508 2525 638 2563 (olivero
671 2525 708 2563 iu
744 2525 924 2563 Pisonem
958 2524 1050 2563 dixit
1086 2526 1175 2562 item
1209 2527 1408 2575 proximus
1441 2524 1549 2562 Pom.—

123 2597 249 2645 peium
289 2594 460 2633 sedebam
510 2594 573 2630 >vd
621 2600 658 2631 vt
706 2594 832 2632 dativo
870 2593 975 2632 casui
1024 2593 1123 2631 idem
1175 2593 1307 2631 Cicero
1358 2593 1454 2631 dixit
1504 2594 1548 2631 ad

126 2664 297 2702 Atticum
327 2666 486 2714 propius
515 2665 764 2713 grammatico
795 2662 959 2701 accessi&
1025 2663 1247 2701 Claudicarc
1290 2663 1382 2700 lun-c
1421 2662 1549 2701 omnia

1270 2731 1333 2763 11³²
