1821 3077
598 171 1048 210 ——171—

112 293 252 337 fuisse3
286 304 373 330 nam
408 290 579 335 5’11111,
604 289 627 327 2
663 290 706 328 O.
732 289 759 327 R
797 288 937 327 habent
971 290 1024 327 An
1061 286 1156 339 <tn>
1199 299 1339 326 censes:
1390 287 1441 325 An
1475 286 1540 338 [lu]

113 374 236 401 censes
268 360 385 407 Petu,
420 359 460 405 E,
486 358 533 397 M.
581 382 618 385 ἡ·
684 358 731 396 lx
757 359 792 396 7.
817 357 840 396 3
884 355 1030 409 (illud)
1076 359 1219 408 inquies
1258 356 1371 395 Qu:
1423 355 1544 404 [illud]

111 432 256 482 inquies
288 428 391 467 Petr.
425 427 549 478 (Caes.
583 439 622 465 (·.·
647 426 717 464 XX
749 429 771 474 ξ
796 424 867 464 24:
900 438 936 477 p.
970 424 1051 463 460
1084 424 1143 462 ed.
1177 424 1316 470 Razzst,
1351 424 1390 465 E.
1416 424 1463 462 M.

227 498 349 537 Multo
394 495 574 549 pluribus
621 494 853 534 lectionibus
903 493 1151 533 pen-archam
1202 505 1290 532 cum
1340 494 1377 532 Σ
1424 505 1540 544 quam

112 580 201 607 cum
243 567 278 607 M
325 565 546 605 consentire
597 577 668 603 uos
711 563 974 616 probavimus.
1047 562 1099 601 Ex
1139 562 1323 601 omuibus
1364 575 1455 601 vero
1495 562 1542 601 iis

112 636 322 683 codicibus,
354 647 453 687 quos
476 636 514 673 Σ
531 634 781 686 appellamus,
806 632 846 679 E,
871 632 1109 683 ubicumque
1141 632 1260 676 adest,
1295 632 1471 683 proxime
1494 632 1540 669 ad

115 705 346 745 petrarchae
366 704 553 743 lectiones
577 703 742 742 accedit:
775 702 905 753 itaque
928 702 1033 741 locos
1056 714 1121 740 eos
1145 700 1369 745 adferimus,
1398 700 1542 752 quibus

113 774 342 821 conicimus,
367 773 395 812 E
411 772 575 812 arctiore
594 772 763 824 quodam
788 771 942 810 vinculo
966 783 1053 810 cum
1074 770 1306 809 petrarchae
1323 769 1543 822 apographo

113 843 365 882 coniunctum
399 855 484 881 esse
516 848 630 892 atque
675 841 848 880 Marcum
886 840 993 878 illum
1035 841 1079 879 (Ie
1110 839 1370 891 Raphanems,
1417 839 1481 890 qui
1515 838 1544 876 E

114 911 288 964 scripsit,
336 916 403 949 aut
449 910 681 949 Petrarchae
731 909 915 948 mandatu
965 908 992 946 Ε
1039 921 1216 947 exarasse
1267 915 1333 946 aut
1375 907 1543 959 quodam

113 981 246 1021 codice
278 992 392 1019 usum
427 992 524 1027 esse,
557 979 623 1030 qui
656 978 886 1017 petrarchae
919 977 1106 1016 mandatu
1139 984 1319 1015 exaratus
1352 983 1451 1015 erat:

229 1049 300 1088 XII
331 1049 396 1097 27,
421 1048 444 1088 3
478 1049 582 1087 Petr.
624 1049 668 1086 de
712 1048 765 1086 via
799 1047 968 1086 solitaria
1018 1046 1190 1092 (Viertel.
1232 1059 1271 1098 p.
1305 1045 1376 1096 32)
1430 1045 1546 1086 Valde

118 1117 251 1173 [enim]
285 1119 418 1158 urbem
439 1119 558 1170 fugio,
592 1117 720 1168 itaque
744 1116 791 1155 E:
823 1117 938 1155 Valde
963 1113 1114 1169 <enim>
1144 1116 1274 1155 urbem
1293 1117 1399 1167 fuye‘o
1424 1115 1468 1161 Ο,
1488 1115 1545 1160 M:

115 1188 249 1227 deesse
281 1187 368 1234 R,P
401 1187 570 1226 diximus
594 1199 630 1238 p.
653 1187 743 1225 152.
772 1210 822 1213 Q
846 1185 877 1224 X
902 1186 939 1233 7,
965 1187 983 1224 1
1009 1186 1112 1224 Petr.
1139 1185 1263 1224 (Caes.
1288 1198 1318 1224 c.
1343 1184 1411 1223 XX
1433 1186 1455 1232 ξ
1474 1185 1545 1224 24:

115 1270 152 1310 p.
183 1257 264 1297 460
305 1257 362 1296 ed.
404 1256 528 1301 Razz.)
575 1256 817 1307 easemploque
861 1258 997 1301 vincit,
1047 1256 1174 1307 itaque
1206 1255 1258 1293 E:
1305 1255 1547 1307 eoeemploque

115 1329 236 1366 vincet
268 1326 312 1373 O,
332 1325 376 1372 R,
396 1325 444 1364 M.
468 1348 521 1353 —-
543 1325 647 1364 Petr.
672 1324 796 1376 (Caes.
822 1337 852 1363 c.
878 1323 994 1363 XXV!
1030 1328 1051 1373 ξ
1076 1323 1148 1370 32ς
1170 1338 1207 1376 p.
1232 1324 1313 1364 686
1336 1325 1394 1363 ed.
1418 1323 1544 1367 Razz.)

118 1399 168 1434 ‘et
199 1395 327 1434 Marco
362 1395 481 1434 Bruto
518 1394 557 1432 in
597 1407 637 1432 se
674 1394 839 1432 irruenti
879 1394 1068 1432 Graecum
1118 1395 1243 1432 fertur
1283 1393 1415 1432 nescio
1453 1392 1546 1444 quid

118 1464 232 1504 breve
263 1463 419 1510 dixisse,
467 1463 512 1502 de
544 1476 621 1514 quo
654 1462 856 1502 Caesarem
901 1463 1027 1515 ipsum
1070 1462 1197 1501 dicere
1237 1462 1394 1501 solitum
1429 1464 1548 1500 refert

120 1533 254 1573 Cicero
286 1533 539 1584 epistolarum
576 1532 620 1571 ad
647 1532 816 1571 Atticum
852 1532 950 1570 libro
972 1531 1006 1570 X
1029 1532 1159 1576 (‘(Iella
1192 1531 1301 1584 quale
1326 1530 1448 1570 Tullio
1472 1532 1548 1569 dice

119 1603 180 1642 nel
213 1603 353 1642 decimo
387 1602 482 1641 libro
523 1601 618 1640 delle
654 1601 787 1653 pz'stole
831 1601 880 1639 ml
917 1600 1044 1640 Attz'co'
1086 1601 1210 1639 versio
1254 1601 1370 1649 itam:
1421 1600 1553 1652 Magni

118 1673 237 1723 refert
282 1672 371 1722 quid
416 1671 473 1709 hic
517 1671 621 1717 velz't;
668 1671 732 1709 sed
778 1671 953 1722 quicquid
992 1670 1099 1713 volet,
1148 1670 1258 1709 valde
1295 1669 1419 1709 volet?
1480 1669 1546 1707 ln-

118 1740 332 1779 veniuntur
364 1740 457 1778 haec
479 1739 523 1777 ad
548 1739 625 1778 Au.
649 1739 731 1777 xlx·
759 1740 791 1785 1,
817 1739 852 1781 ’2,
873 1739 1001 1790 itaque
1024 1751 1155 1777 errore
1178 1739 1275 1778 libro
1300 1738 1333 1777 X
1355 1739 1544 1790 scriptum

123 1822 209 1849 esse
241 1809 455 1855 videbitur;
501 1808 593 1847 illud
628 1808 796 1847 dubitari
834 1815 974 1860 potest,
1022 1815 1153 1847 utrum
1189 1808 1269 1860 ipse
1312 1808 1412 1846 Petr.
1457 1820 1545 1846 eum

118 1891 290 1929 errorem
335 1877 576 1916 commiserit
621 1890 668 1916 an
717 1877 739 1915 ii
787 1879 851 1928 qui
901 1877 1016 1915 vitam
1064 1877 1236 1916 Caesaris
1273 1890 1291 1915 a
1339 1877 1545 1916 Petu-archa

118 1948 375 1999 compositam
411 1947 449 1985 in
482 1946 681 1986 codicibus
715 1946 963 1998 scripserint:
997 1959 1035 1985 re
1060 1959 1145 1985 vera
1171 1946 1277 1985 Caes.
1301 1959 1332 1984 c.
1356 1945 1426 1985 XX
1448 1948 1470 1994 ξ
1494 1946 1545 1985 23

119 2016 349 2055 Schueideri
381 2015 501 2054 codex
533 2027 574 2053 ea
608 2028 706 2066 quae
740 2015 819 2053 vill
858 2016 919 2059 ll,
945 2014 1052 2053 1--73
1085 2021 1177 2053 sunt
1216 2015 1313 2053 libro
1346 2015 1396 2053 IX
1434 2015 1547 2054 attri-

119 2085 223 2130 buit3
255 2096 343 2123 eum
378 2084 444 2135 qui
477 2084 583 2122 illum
617 2084 788 2123 codicem
824 2084 977 2135 scripsit
1009 2096 1159 2123 errasse
1190 2084 1396 2123 Razzolinii
1429 2085 1546 2124 editio

119 2153 267 2205 probat,
317 2153 354 2190 iu
403 2165 477 2204 qua
527 2159 586 2191 est
635 2153 730 2192 libro
777 2161 904 2193 octavo
953 2153 1071 2204 (mels
1120 2161 1242 2194 ottavo
1290 2154 1400 2193 lz'bro'
1448 2167 1545 2194 vers.

121 2222 228 2270 nat),
293 2221 367 2260 iam
403 2234 492 2260 vero
526 2222 725 2260 videamus
761 2223 806 2267 E:
847 2223 878 2259 is
911 2224 1014 2261 enim
1050 2222 1182 2268 codex,
1223 2222 1257 2260 id
1291 2223 1394 2274 quod
1429 2236 1545 2275 supra

118 2304 154 2342 p.
178 2289 231 2328 22
263 2290 530 2342 exposuimus,
564 2303 642 2329 non
678 2291 802 2329 nullas
835 2304 920 2342 epp.
954 2304 999 2329 ex
1033 2291 1129 2330 libro
1164 2291 1243 2335 ΧΙΙ,
1279 2291 1302 2329 Ι.
1327 2291 1425 2336 XIil,
1449 2291 1545 2335 XIV,

118 2359 196 2403 XV,
228 2358 309 2397 XV!
347 2359 381 2396 in
418 2371 536 2397 unum
571 2359 711 2398 librum
746 2372 914 2411 cunique
948 2359 1140 2398 decimum
1166 2360 1384 2405 cannatum
1416 2361 1547 2411 itaque

119 2440 246 2479 neque
280 2427 379 2466 Pctr.
416 2441 540 2478 neque
576 2428 598 2466 ii
633 2429 696 2479 qui
733 2429 848 2467 vitam
882 2430 1055 2467 Caesaris
1081 2429 1375 2480 descripserunt
1397 2442 1545 2467 errasse

120 2496 301 2535 videntur
322 2504 440 2547 atque
464 2496 711 2535 pen-archam
738 2498 810 2535 hoc
832 2497 988 2548 quidem
1016 2498 1098 2536 loco
1124 2498 1235 2535 verba
1260 2510 1303 2536 ex
1329 2497 1356 2535 E
1379 2498 1544 2536 similive

120 2565 203 2604 eius
235 2565 365 2604 codice
397 2565 635 2616 excerpsisse
667 2566 897 2605 conicimus.
963 2566 1013 2605 De
1046 2566 1128 2617 ipsa
1161 2567 1327 2605 lectione
1359 2567 1452 2605 haec
1474 2567 1545 2605 ad-

119 2639 323 2673 notamus:
358 2635 452 2674 volet
484 2657 533 2661 —
570 2634 663 2673 volet
696 2634 810 2681 Petu,
845 2648 879 2673 v.
904 2648 950 2682 c.,
985 2635 1023 2681 E,
1045 2635 1090 2681 Ο,
1111 2635 1152 2681 R,
1177 2635 1248 2674 31¹:
1283 2636 1358 2674 volt
1388 2659 1442 2664 —
1471 2636 1547 2675 volt

122 2701 193 2749 ΖΒ,
216 2702 291 2746 M²·,
321 2715 507 2754 praesens
542 2709 695 2755 tempus
729 2703 828 2743 Plut.
863 2703 969 2743 Brut.
1003 2717 1033 2742 c.
1059 2704 1083 2743 6
1117 2704 1251 2742 reddit.
