1821 3077
714 145 1156 186 —136—

346 261 373 298 V
397 262 459 308 15,
485 263 503 299 1
539 260 671 300 Cicero
703 261 876 313 scripsit:
924 266 1068 314 quippe,
1099 265 1158 302 ius
1187 263 1386 303 Laodiceae
1417 276 1472 302 me
1505 264 1637 309 dicere,

233 343 315 369 eum
345 329 485 369 Romae
515 330 556 369 A.
580 328 723 369 Plotius
753 330 862 369 (licat.
923 330 998 369 Pro
1039 334 1171 383 quippe
1211 335 1268 370 ius
1299 331 1333 369 M
1366 332 1480 370 habet
1510 335 1640 384 quippe

233 406 266 437 et
295 400 359 444 iis,
391 397 435 441 N,
455 398 482 436 P
514 400 718 451 quippetus,
751 399 800 438 Ο1
833 402 1066 452 ριιῖρρεψηε,
1100 400 1150 439 02
1183 403 1313 452 quippe
1344 408 1377 440 et
1407 403 1462 440 iis.
1507 401 1640 452 ltaque

232 467 305 505 hoc
336 467 464 513 modo,
513 466 544 505 si
577 468 612 505 Σ
641 480 685 506 ex
716 467 751 505 M
782 468 981 519 profectus
1013 476 1125 514 esset,
1163 468 1193 507 is
1226 469 1291 520 qui
1323 472 1516 521 quippetus
1546 470 1585 508 in
1608 471 1643 508 Σ

232 535 389 582 invexit,
426 548 556 574 secum
590 535 777 586 cogitasse
811 535 1023 575 videretur:
1062 536 1116 575 ‘In
1154 549 1239 576 meo
1273 537 1371 576 libro
1413 544 1472 576 est
1512 540 1640 590 quippe

233 611 266 643 et
286 606 343 650 iis,
374 604 412 643 id
435 604 538 655 quod
561 616 639 643 non
672 604 864 655 intellego,
898 605 968 643 etsi
1001 605 1129 644 omnia
1161 606 1342 645 vocabula
1366 606 1500 645 Latina
1532 614 1640 651 sunt:

232 672 272 711 in
305 672 424 711 altero
456 673 584 711 codice
616 673 725 711 video
756 686 840 712 esse
872 673 1059 725 scriptum
1092 677 1297 726 quippetus,
1344 676 1446 726 quod
1489 688 1538 714 ne
1569 675 1640 714 La—

234 741 357 780 tinum
390 741 546 793 quidem
580 748 655 787 est3
687 754 766 792 age,
800 742 1014 781 scribamus
1046 746 1250 795 quippelus,
1283 744 1319 783 id
1342 745 1443 795 quod
1476 757 1552 783 non
1583 751 1642 783 est

233 809 413 849 Latinum
435 809 679 858 vocabulum,
711 817 749 849 et
780 813 910 862 quippe
942 819 975 850 et
1003 815 1048 851 iis
1070 811 1289 851 (leleamus'.
1344 813 1482 864 Ecquis
1502 826 1641 865 quem-

233 891 348 929 quam
381 878 433 917 ita
465 878 588 929 egisse
620 876 770 917 credit?
811 878 950 918 Contra
984 882 1053 927 fac,
1087 880 1125 918 in
1159 882 1196 919 Ω
1226 881 1298 919 levi
1330 894 1459 920 errore
1490 886 1642 933 quippe—

234 954 292 987 tus
326 959 398 999 pro
429 946 665 999 quippeiuS*)
712 947 898 999 scriptum
946 948 1085 987 fuisse:
1124 948 1252 987 omnia
1293 956 1384 988 sunt
1420 950 1641 1002 perspicua;

233 1028 323 1054 nam
357 1017 394 1054 Σ
432 1018 627 1068 quippetus
672 1015 850 1067 religiose
881 1029 1066 1063 servasse,
1108 1022 1145 1056 A
1177 1021 1310 1069 quippe
1341 1025 1375 1057 et
1403 1022 1459 1063 iis,
1501 1025 1543 1058 ut
1573 1019 1643 1058 ali-

233 1085 337 1136 quod
383 1084 562 1124 Latiuum
609 1084 838 1123 vocabulum
886 1085 1074 1132 evaderet,
1120 1086 1330 1125 coniecisse
1375 1094 1541 1139 apparet.
1592 1111 1639 1115 —‹

233 1153 298 1192 Vll
320 1153 357 1200 3,
383 1153 451 1191 12:
483 1156 553 1193 scis
582 1156 692 1198 enim,
725 1165 814 1205 quos
841 1157 1116 1206 appetierinms‚
1149 1158 1213 1206 qui
1231 1167 1357 1195 omnes
1372 1163 1525 1207 praeter
1545 1169 1641 1201 eum,

235 1222 278 1261 de
309 1235 379 1274 quo
405 1234 475 1274 per
504 1229 538 1261 te
569 1224 720 1274 eyimus
751 1234 859 1261 reum
891 1236 946 1262 me
975 1224 1163 1274 sacereut;
1194 1226 1282 1276 ipsis
1313 1227 1410 1263 enim
1440 1237 1646 1276 expensum

236 1303 342 1331 nemo
372 1292 504 1344 ferret.
556 1290 822 1330 Mommsenus
853 1292 1022 1343 facerent
1053 1292 1233 1339 coniecit,
1280 1292 1318 1330 in
1351 1293 1387 1331 M
1425 1300 1484 1332 est
1518 1294 1645 1345 facere

235 1368 389 1406 rentur;
434 1372 549 1411 quam
583 1360 749 1399 difficilis
780 1361 888 1400 locus
921 1361 981 1405 sit,
1021 1361 1111 1400 inde
1142 1369 1311 1413 apparet,
1349 1362 1449 1413 quod
1481 1362 1644 1401 Wesen-

236 1429 392 1481 bergius
428 1429 567 1468 reiecta
600 1429 829 1468 Mommseni
870 1430 1088 1469 coniectura
1126 1433 1276 1482 eyimus,
1315 1442 1394 1470 rem
1433 1443 1488 1470 me
1518 1432 1646 1483 facere

235 1505 370 1538 rentur
387 1497 552 1549 scripsit.
604 1497 704 1544 Quid
722 1499 863 1537 vero}
879 1496 1043 1537 habuit?
1074 1498 1234 1546 N,01‚P
1257 1500 1436 1551 facerent,
1469 1499 1517 1539 Ο2
1539 1501 1645 1552 face-

237 1574 388 1606 rentur:
421 1566 507 1618 quis
539 1567 669 1606 credat
696 1566 810 1606 talem
839 1567 1043 1606 lectionem
1066 1567 1362 1619 interpolatione
1384 1575 1506 1607 ortam
1531 1566 1645 1608 esse‘?

230 1635 306 1674 Pro
335 1636 456 1687 ferret
485 1635 522 1673 M
553 1634 669 1674 habet
700 1635 842 1688 offeret,
876 1635 905 1674 N
937 1637 1047 1687 feret,
1081 1635 1144 1680 0¹,
1165 1636 1193 1674 P
1223 1637 1355 1688 ferret,
1400 1636 1449 1676 Ο2
1483 1638 1641 1688 oferret:

230 1716 347 1756 quam
380 1703 546 1743 difficilis
578 1716 639 1743 res
671 1704 732 1751 sit,
780 1704 919 1743 Baiteri
953 1704 1070 1743 editio
1101 1705 1251 1757 probat,
1298 1705 1336 1743 in
1377 1718 1451 1757 qua
1494 1706 1645 1758 offerret

231 1773 419 1825 scriptum
451 1779 522 1812 est.
545 1797 597 1801 -—
628 1773 694 1812 Vll
716 1772 786 1812 25:
820 1773 852 1812 Ο
873 1785 953 1813 rem
974 1769 1173 1814 miseram!
1206 1774 1326 1814 malas
1347 1787 1479 1814 causas
1499 1787 1645 1826 semper

232 1842 399 1887 obtinuit,
442 1843 483 1880 iu
529 1844 668 1893 optima
710 1842 881 1881 concidit.
941 1842 983 1881 In
1023 1843 1152 1881 codice
1184 1843 1350 1882 Mediceo
1384 1843 1416 1881 O
1453 1843 1642 1882 omissum

232 1918 308 1958 est,
354 1910 485 1949 docuit
530 1923 619 1949 vero
657 1910 696 1949 C.
725 1910 766 1948 F.
791 1911 847 1949 W.
877 1911 1086 1950 Muellerus
1122 1911 1163 1950 in
1202 1912 1371 1950 Coniect.
1400 1911 1496 1950 Tull.
1526 1925 1562 1964 p.
1594 1913 1644 1950 14

232 1979 456 2019 Ciceronem
503 1985 591 2018 ante
636 1979 897 2019 accusativum
942 1980 997 2018 rei
1029 1981 1066 2019 in
1100 1980 1378 2019 exclamatione
1408 1981 1578 2032 positum
1613 1981 1645 2020 Ο

232 2060 310 2087 non
332 2048 523 2087 omisisse.
560 2047 617 2087 Re
640 2061 725 2087 vera
750 2048 873 2096 O,Rr,
888 2049 914 2087 1³
940 2049 972 2088 O
990 2049 1149 2088 liabent:
1173 2049 1304 2100 ecquis
1328 2049 1644 2101 interpolatorem

235 2117 319 2156 talia
353 2129 508 2156 curasse
530 2115 680 2156 credit?
713 2141 765 2145 -—
797 2116 849 2156 IX
871 2118 907 2164 9,
932 2119 974 2156 4:
1006 2130 1122 2169 neque
1142 2119 1267 2157 solum
1288 2117 1427 2157 Romae
1449 2119 1513 2158 sed
1533 2121 1643 2157 eliam

237 2185 319 2225 Deli
346 2192 452 2225 tuum
485 2187 675 2237 digamma
697 2183 764 2237 (⁵2)
785 2187 966 2226 videram.
1021 2186 1142 2225 Habet
1163 2186 1249 2226 Deli
1277 2194 1384 2226 tuum
1406 2186 1445 2228 C.
1478 2187 1644 2226 delicium

235 2255 283 2303 M,
317 2254 514 2294 clellituum
547 2254 591 2301 O,
625 2256 808 2294 delituunt
839 2255 882 2301 R,
901 2256 940 2294 P.
1001 2255 1087 2302 Fac,
1129 2255 1226 2294 ORP
1260 2268 1342 2294 esse
1373 2256 1566 2307 profectos
1598 2255 1644 2294 de

235 2324 288 2369 Μῑ,
320 2324 428 2363 facile
448 2323 575 2375 potuit
607 2323 722 2362 scribi
753 2324 948 2371 (lellitium,
981 2337 1056 2363 non
1089 2324 1197 2363 facile
1230 2337 1253 2361 u
1285 2337 1354 2376 pro
1382 2327 1398 2362 i
1416 2324 1644 2376 ponebatur.

235 2416 289 2419 —
316 2392 366 2431 IX
392 2392 456 2440 10,
479 2391 523 2431 3:
556 2404 667 2437 nunc,
699 2395 733 2432 si
756 2392 815 2431 vel
831 2393 1037 2444 periculose
1058 2394 1332 2445 experiundum
1356 2396 1436 2439 erit,
1469 2397 1646 2445 experiar

326 2564 357 2603 *)
383 2563 451 2595 Hoc
478 2564 550 2595 loco
576 2563 606 2595 si
631 2563 736 2596 CZW
763 2565 930 2603 adessent,
967 2566 1006 2596 de
1032 2564 1063 2596 X
1099 2570 1287 2605 constaret3
1327 2576 1412 2596 nunc
1448 2566 1509 2596 hoc
1546 2576 1644 2596 uuum

237 2622 386 2659 apparet,
428 2628 519 2659 eum,
556 2618 611 2659 qui
648 2617 682 2649 Ω
718 2618 872 2659 scripsit,
916 2617 1224 2658 QVJPPETVS
1258 2630 1317 2661 pro
1357 2618 1648 2658 QVIPPEIVS

236 2672 360 2712 legisse
387 2672 499 2714 itaque
523 2673 703 2715 quippetus
727 2673 924 2714 scripsisse,
953 2672 993 2704 vs.
1020 2684 1120 2715 supra
1145 2684 1174 2715 p.
1207 2674 1276 2706 126.
