1821 3077
620 125 1064 166 ——133—

130 257 199 282 nos
232 255 308 282 non
342 243 530 282 audemus
562 243 791 282 diiudicare:
840 244 885 281 de
923 256 995 295 qua
1039 256 1078 281 re
1120 244 1305 282 constitui
1339 252 1483 296 posset,
1518 246 1549 284 si

132 312 174 347 W
207 312 252 351 iis
275 325 374 364 quos
397 312 511 351 modo
529 312 639 351 attuli
661 313 754 351 locis
776 314 948 353 adesset:
980 325 1067 351 nam
1093 313 1140 350 W
1162 314 1432 364 compluribus
1455 314 1550 354 loeis

128 394 216 420 oum
233 381 258 420 C
276 382 481 429 consentit,
500 382 642 434 quibus
667 382 878 421 Lambinus
897 388 934 420 et
954 381 1089 421 Rosius
1112 381 1209 421 nihil
1233 395 1278 421 ex
1297 383 1322 421 Z
1345 384 1550 423 adnotant.

242 450 361 490 Venio
392 451 467 490 iam
502 451 547 490 ad

820 524 868 565 52

128 602 167 640 in
199 615 274 652 qua
305 601 427 640 classe
459 613 596 640 omnes
627 601 693 653 qui
725 607 878 640 exstant
908 600 1060 641 codices
1083 604 1252 653 (praeter
1276 602 1337 653 W)
1371 608 1409 642 et
1431 602 1552 642 libros

128 670 361 722 Malaspinae
407 683 492 709 esse
534 671 560 708 ii
608 670 680 709 loci
726 684 824 722 quos
857 684 973 722 supra
1004 670 1090 710 inde
1122 684 1142 709 a
1173 685 1209 723 p.
1236 671 1314 709 122
1347 671 1551 711 attulimus

129 740 416 787 demonstrant,
459 739 570 778 cuius
602 740 735 779 classis
768 747 946 785 stemma,
987 753 1064 791 quo
1101 741 1250 780 facilius
1292 740 1550 792 intellegatur,

129 820 245 861 quem
288 808 427 859 cuique
469 808 590 848 codici
629 822 700 847 nos
739 809 865 848 locum
908 808 1159 849 tribuendum
1192 823 1276 849 esse
1309 823 1550 857 censeamus,

129 877 190 917 hie
220 889 342 929 pono:

366 1385 651 1462 assf'
746 1365 1029 1537 R
1388 1372 1504 1472 Χ

245 1471 288 1509 Ν
309 1462 410 1591 sfs
735 1475 772 1521 ,s
1030 1497 1079 1541 m
1300 1460 1336 1498 M
1505 1486 1523 1512 s

316 1599 361 1637 H

767 1666 798 1703 Ο
817 1667 904 1704 Ant.
921 1620 1012 1704 flav.
1054 1673 1063 1732 t

1063 1734 1068 1762 x

1069 1771 1075 1805 l

1007 1819 1036 1858 P
1053 1819 1086 1859 R
1105 1820 1133 1858 F

241 1897 325 1949 lpse
364 1896 595 1948 archetypus
628 1898 664 1934 ,(2
707 1896 838 1934 multis
880 1896 954 1934 iam
997 1895 1091 1934 loeis
1131 1908 1329 1948 perversas
1363 1898 1546 1939 lectiones

127 1965 262 2005 habuit
300 1972 338 2004 et
375 1965 511 2012 hiavit3
553 1965 612 2004 css.
647 1977 762 2016 supra
802 1964 890 2003 inde
922 1977 941 2002 a
970 1977 1005 2015 p.
1041 1963 1119 2002 122
1156 1964 1190 2003 II
1225 1965 1288 2012 19,
1355 1979 1362 2012 3
1411 1967 1546 2016 25,1;

127 2035 155 2072 V
176 2035 244 2083 20,
267 2035 309 2081 9;
358 2034 462 2081 Vll,
489 2035 531 2080 1;
578 2033 616 2075 3,
639 2034 684 2081 63
727 2034 809 2072 Vm
832 2034 869 2078 (ζ),
892 2032 936 2079 2;
981 2032 1014 2070 Χ
1040 2034 1101 2079 11,
1126 2034 1168 2077 4;
1216 2033 1326 2081 X15‚
1354 2037 1397 2081 12
1443 2038 1479 2077 7.
1504 2038 1548 2084 53

132 2105 260 2149 10,1;
298 2105 358 2149 10,
382 2103 428 2151 23
459 2103 527 2142 Xll
550 2102 615 2150 38,
639 2104 683 2150 43
716 2102 890 2149 X11117,
916 2103 958 2148 13
991 2102 1057 2148 46,
1082 2103 1127 2147 3;
1159 2103 1252 2151 47a;
1287 2103 1419 2151 52,1;
1465 2105 1547 2144 xlv

130 2172 192 2219 13,
216 2173 259 2219 43
291 2172 354 2210 XV
378 2171 443 2219 26,
466 2171 512 2217 23
543 2172 624 2210 XVl
651 2173 684 2218 1,
713 2172 751 2214 1:
785 2171 822 2218 2,
846 2171 889 2217 33
923 2170 959 2217 8,
986 2173 1021 2209 1.
1084 2172 1137 2210 Ex
1170 2174 1207 2211 Ω
1239 2173 1421 2226 descripti
1454 2182 1548 2215 sunt

126 2241 202 2281 duo
234 2241 385 2280 codices
409 2242 445 2279 Σ
472 2247 510 2279 et
537 2244 591 2279 A:
625 2241 725 2279 inter
746 2253 843 2291 quos
871 2247 1060 2292 quantum
1090 2241 1300 2281 discrimen
1333 2243 1547 2283 intercedat

126 2316 164 2350 et
185 2323 301 2362 supra
324 2323 360 2361 p.
380 2310 431 2348 45
455 2322 538 2360 squ.
563 2309 812 2361 probavimus
835 2316 873 2348 et
894 2322 1001 2349 nunc
1022 2310 1161 2349 iterum
1188 2311 1354 2350 breviter
1376 2324 1545 2363 expone-

128 2391 226 2418 mus.
288 2378 421 2417 Priore
454 2390 542 2416 vero
574 2378 656 2417 loco
688 2378 802 2430 paulo
832 2379 984 2430 planius

774 2469 824 2503 de
861 2465 898 2502 Σ

126 2520 424 2573 disputabimus.

239 2591 275 2628 Σ
305 2589 437 2628 multis
469 2589 561 2627 locis
594 2588 785 2639 integrum
821 2589 939 2628 fuisse
970 2589 1112 2640 quibus
1140 2593 1176 2627 A
1210 2588 1322 2627 hiavit
1359 2589 1417 2628 his
1451 2590 1544 2629 locis

125 2664 303 2710 apparet:
