1821 3077
734 196 851 200 ——
920 171 1180 213 130——

252 304 403 330 manam
444 290 638 330 Ciceronis
684 290 889 330 lectionem
939 290 1035 328 lianc
1079 302 1176 337 esse,
1222 289 1344 330 Redeo
1388 290 1437 329 ad
1480 289 1658 335 Betasios,

249 362 377 405 Aruas,
416 359 651 411 Vangiones.
676 389 684 397 .
709 358 735 397 .'
786 358 832 397 Et
864 358 1084 397 coniectura
1114 358 1187 397 ista
1217 365 1256 397 et
1286 370 1328 397 ea
1359 371 1456 409 quae
1487 370 1659 410 sequun-

252 436 316 468 tur
360 428 507 467 nemini
543 427 762 479 placebunt,
806 427 908 478 quod
947 427 1004 465 vir
1041 427 1217 478 egregius
1248 427 1338 478 quid
1371 426 1545 466 Ciceroni
1575 439 1658 466 eam

251 510 309 549 ep.
343 496 527 536 scribenti
557 496 596 535 in
629 496 758 536 animo
787 496 904 536 fuerit
926 508 1005 535 nou
1029 495 1230 548 perspicit:
1262 495 1356 534 illud
1380 508 1468 534 vero
1491 502 1660 547 apparet,

249 566 364 617 paulo
409 572 497 604 ante
543 577 658 617 quam
706 565 799 604 haec
844 565 984 616 scripta
1022 571 1113 603 sunt
1145 577 1230 617 epp.
1263 564 1307 603 ad
1340 564 1510 603 Atticum
1544 576 1662 603 manu

251 634 415 686 scriptas
460 648 479 673 a
526 634 712 674 Sichardo
759 634 797 672 in
843 633 1070 672 bibliotheca
1111 632 1443 673 Laurisheimensi
1487 632 1662 671 inventas

251 710 365 754 atque
408 703 524 741 Beato
571 703 730 742 traditas
777 715 872 740 esse.
933 701 1065 748 Qualis
1110 701 1184 741 iste
1229 701 1312 741 cod.
1344 701 1473 747 fuerit,
1514 713 1561 739 ex
1590 700 1664 739 hoc

251 771 336 810 loco
374 783 453 809 non
492 771 739 823 perspicitur,
785 770 887 821 quod
920 770 1091 822 plerique
1122 770 1232 809 codd.
1264 769 1378 809 verba
1418 769 1553 808 eodem
1586 770 1665 808 fere

252 839 366 878 modo
400 839 540 891 scripta
574 839 733 878 habent:
766 839 803 877 M
833 839 994 878 tebassos
1024 851 1149 878 scevas
1171 838 1241 890 (M2
1265 840 1410 887 suevos)
1440 838 1664 889 franyonesz,

251 908 281 946 E
313 916 344 948 te
377 908 500 947 bassos
529 920 659 948 suevos
687 909 912 959 francones;
947 907 977 946 R
1011 914 1043 947 te
1074 908 1200 946 bassos
1231 918 1361 946 suevos
1390 907 1583 958 fraconesz,
1616 905 1663 944 0¹

252 1020 285 1051 te
317 1012 441 1051 bassos
471 1024 575 1051 secas
607 1011 672 1059 (Ο2
707 1016 852 1059 suevos)
883 1013 1106 1063 f1·a11907tes;
1139 1024 1156 1050 s
1187 1011 1374 1050 thebassos
1403 1022 1532 1050 suevos
1551 1011 1668 1062 fran-

251 1092 381 1131 gones;
412 1093 446 1118 V.
469 1093 501 1119 c.
526 1088 563 1119 et
584 1080 739 1131 L(mg0)
764 1079 937 1120 Tebassos
958 1079 1118 1119 Senecas
1138 1078 1374 1131 F1·117190nes;
1405 1079 1445 1117 in
1475 1079 1551 1118 fine
1578 1091 1667 1118 vero

253 1149 430 1188 eiusdem
483 1150 618 1201 capitis
666 1150 805 1188 Beatus
855 1149 930 1188 hoc
978 1148 1132 1187 scribit:
1189 1148 1242 1186 ‘In
1289 1148 1448 1198 gratiam
1503 1147 1669 1199 denique

255 1218 521 1256 studiosorum
556 1218 629 1256 boc
659 1217 799 1256 addere
825 1216 930 1263 libet,
963 1229 1051 1256 eum
1074 1217 1202 1255 locum
1226 1217 1264 1255 in
1288 1217 1450 1269 epistola
1473 1215 1669 1255 Ciceronis

258 1286 304 1324 ad
327 1286 512 1333 Atticum,
545 1299 659 1337 quem
694 1299 765 1325 nos
796 1285 1051 1324 restituimus,
1085 1285 1177 1324 haec
1209 1285 1322 1324 verba
1353 1285 1527 1337 proxime
1556 1297 1669 1336 prae-

254 1355 400 1399 cedere,
441 1353 522 1393 Tua
557 1363 681 1394 tamen
720 1352 957 1406 ὑπηνέμιος
995 1366 1137 1392 nausea
1174 1357 1250 1392 iam
1282 1352 1397 1405 plane
1429 1352 1531 1392 abiit.
1578 1352 1672 1391 mihi

255 1423 405 1475 quidem
446 1436 494 1463 ex
531 1426 603 1463 tuis
641 1424 756 1462 literis
785 1431 863 1462 tum
895 1422 1054 1461 laetanti
1082 1422 1149 1471 (ita
1182 1422 1229 1460 Al
1262 1427 1300 1460 et
1328 1421 1378 1460 A2
1410 1421 1450 1459 in
1482 1420 1668 1472 margine,

253 1494 315 1539 A2,
344 1507 364 1531 c
409 1502 489 1533 tum
536 1493 732 1532 lectitanti)
778 1495 831 1531 ita
877 1491 1084 1530 videbatur.
1145 1490 1251 1537 Quae
1297 1491 1353 1529 sic
1396 1490 1470 1540 legi
1515 1489 1667 1533 debent,

254 1561 582 1613 quemadmodum
625 1561 804 1599 volumen
838 1572 952 1598 manu
988 1560 1177 1611 scriptum
1220 1566 1395 1605 testatur,
1436 1558 1514 1598 Tua
1545 1565 1667 1598 tamen

257 1629 493 1682 ὑπηνέμιος
523 1641 669 1668 nausea
699 1631 773 1667 iam
808 1627 908 1680 <ne>
937 1628 1053 1679 plane
1084 1626 1189 1667 abit?
1219 1628 1313 1667 mihi
1340 1628 1488 1680 quidem
1517 1639 1566 1665 επ
1596 1628 1670 1665 tuis

256 1699 375 1738 literis
407 1700 630 1737 coniectanti
656 1700 711 1737 ita
740 1696 959 1737 videbatur'.
1006 1695 1060 1734 Ex
1082 1696 1141 1734 his
1172 1695 1300 1734 verbis
1330 1695 1441 1734 facile
1461 1696 1525 1746 qui
1553 1694 1671 1733 fuerit

258 1767 378 1806 codex
425 1773 602 1818 apparet3
647 1778 737 1804 nam
782 1765 817 1804 M
864 1765 979 1804 habet
1023 1778 1107 1804 cum
1152 1765 1292 1811 lemuzi,
1338 1777 1356 1804 s
1401 1771 1481 1804 tum
1526 1763 1667 1806 locanti,

256 1838 293 1874 Σ
332 1848 403 1877 t=
431 1835 569 1880 ORP)
616 1835 863 1874 coniectanti.
917 1833 944 1873 C
991 1846 1080 1873 vero
1132 1845 1220 1872 cum
1272 1833 1378 1872 Beati
1429 1833 1487 1872 vel
1538 1831 1668 1884 potius

259 1904 433 1943 Sicbardi
470 1904 599 1942 codice
639 1904 831 1943 consentit
869 1910 985 1955 atque
1021 1902 1137 1941 habet
1179 1905 1410 1941 coniectanti.
1450 1923 1506 1929 —-
1544 1902 1669 1952 Atque

257 1980 300 2011 ut
331 1980 512 2024 appareat
542 1985 656 2023 quam
691 1972 856 2011 difficilis
889 1972 939 2010 sit
968 1984 1030 2010 res
1062 1970 1193 2010 critica
1214 1971 1251 2009 in
1277 1983 1362 2022 epp.
1385 1970 1431 2009 ad
1451 1970 1544 2014 Ait„
1577 1969 1670 2008 haec

257 2041 376 2080 addo:
409 2043 484 2079 iam
517 2039 616 2092 <ne>
649 2040 733 2079 cod.
758 2040 946 2080 Sichardi,
972 2043 1024 2085 Δ,
1047 2039 1090 2086 R,
1112 2039 1154 2085 P,
1177 2039 1245 2078 02:
1276 2042 1351 2078 iam
1385 2036 1466 2091 [ne]
1490 2038 1554 2077 01.
1593 2037 1670 2077 abit

258 2111 341 2149 cod.
376 2109 563 2154 Sichardi,
596 2108 659 2154 Ol,
689 2108 738 2155 1³3
783 2109 976 2160 plancabz't
1007 2110 1092 2159 (pro
1119 2107 1234 2159 plane
1265 2108 1358 2158 abit)
1389 2107 1440 2146 R:
1487 2107 1578 2146 abiit
1611 2109 1669 2151 A3

257 2178 350 2228 quid
396 2177 645 2216 scribendum
693 2177 754 2222 sit,
800 2177 875 2215 iam
909 2183 1086 2229 apparet:
1132 2176 1292 2215 dubium
1327 2182 1429 2215 esset
1458 2174 1671 2227 posteriore

262 2247 358 2291 loco,
392 2245 466 2284 nisi
498 2245 703 2284 lectionem
737 2258 756 2284 a
790 2246 905 2285 Beato
937 2246 1087 2285 allatam
1121 2245 1364 2284 haberemus.

377 2347 432 2385 Ac
461 2345 547 2384 vide
579 2342 848 2398 σνγκῦρημεκ
886 2347 969 2399 ipse
1007 2346 1070 2386 ille
1100 2346 1229 2393 indeX‚
1270 2346 1316 2385 de
1353 2357 1430 2396 quo
1461 2344 1602 2384 Beatus
1631 2343 1670 2382 in

259 2415 379 2467 praef.
412 2415 458 2454 ad
479 2413 708 2453 Tertulliani
739 2427 827 2466 opp.
849 2414 1034 2466 loquitur.
1067 2426 1173 2453 nunc
1203 2420 1329 2453 exstat
1359 2420 1472 2465 atque
1504 2424 1593 2452 cum
1624 2411 1670 2450 ab

259 2486 302 2522 A.
325 2483 423 2522 Maio
470 2482 653 2522 cardinali
697 2482 737 2521 in
783 2483 978 2535 spicilegio
1019 2495 1180 2522 romano
1213 2489 1305 2522 tom.
1328 2482 1357 2521 V
1388 2495 1426 2534 p.
1451 2481 1575 2520 160-
1589 2479 1669 2519 200

265 2560 347 2590 tum
395 2552 520 2591 multo
569 2551 790 2603 diligentius
830 2551 876 2590 ab
913 2552 955 2590 A.
989 2551 1246 2590 Wilmannsio
1277 2550 1365 2590 ‘Der
1401 2549 1560 2600 Katalog
1604 2548 1672 2587 der

262 2620 454 2659 Lorscher
490 2620 859 2660 Klosterbibliothek
888 2633 957 2659 aus
980 2621 1067 2659 dem
1094 2622 1156 2659 10.
1181 2619 1326 2660 Jahrb!
1356 2619 1396 2658 in
1427 2617 1524 2657 Mus.
1546 2617 1669 2656 Rhen.

262 2689 304 2727 N.
330 2689 367 2728 S.
391 2689 514 2728 XXIII
543 2690 632 2729 iude
659 2702 679 2728 a
709 2702 748 2741 p.
772 2688 853 2729 385
885 2690 1009 2728 editus
1040 2696 1118 2737 est3
1156 2697 1232 2729 tres
1265 2701 1353 2727 vero
1384 2693 1475 2727 sunt
1511 2686 1670 2733 indices,

1814 941 1821 974 l

1806 1033 1821 1060 Ἰ

1814 1101 1821 1203 l

1815 1205 1821 1300 l

1817 1311 1821 1419 f

1812 1494 1821 1575 t

1816 1616 1821 1651 l
