1821 3077
717 183 1160 223 —196—

229 302 338 339 etiam
386 298 499 345 Pilia,
552 300 615 339 sed
662 299 731 339 illa
782 300 1007 352 officz’osz‘uS,
1058 302 1156 352 quod
1205 301 1298 341 milei
1347 314 1453 354 quem
1486 301 1537 354 -Ι-
1569 305 1645 342 iam

225 369 373 420 pridem
408 373 458 414 -{—
492 381 701 421 numquam
738 370 851 416 viclz't,·
888 371 1003 421 ἐρίων
1043 377 1084 408 tu
1121 383 1262 423 quoque
1303 371 1463 410 salutem
1498 373 1645 423 uerique

228 438 439 477 adscribito.

341 505 424 544 Iam
459 507 608 557 pridem
646 511 684 544 et
714 505 752 544 in
785 505 832 544 W
864 512 902 546 et
932 507 969 545 in
1003 508 1048 553 Σ,
1082 510 1120 545 Δ
1153 512 1228 552 est‘,
1272 506 1402 557 itaque
1445 507 1557 546 verba
1600 507 1643 554 X,

226 575 250 612 i.
284 587 314 613 e.
348 574 599 626 archetypum
647 575 822 614 omnium
869 575 1060 622 codicum,
1106 575 1287 614 habuisse
1332 582 1504 627 apparet.
1564 576 1641 614 Iam

231 656 320 682 vero
353 643 402 681 ita
435 655 541 682 nunc
572 643 746 694 procedit
778 644 982 691 sententia,
1029 649 1073 682 ut
1113 643 1254 694 aliquid
1297 644 1526 682 mutandum
1560 656 1644 682 esse

226 717 426 763 appareat;
496 723 584 750 nam
642 714 720 750 iam
770 712 918 762 pridem.
976 725 1185 764 numquam
1242 713 1333 751 ferri
1393 725 1472 750 non
1532 725 1645 763 posse

226 780 475 832 perspicuum
509 786 580 818 est.
642 779 775 831 Itaque
806 786 927 826 erant,
960 781 1026 832 qui
1057 783 1133 820 iam
1162 782 1308 833 pridem
1349 780 1644 832 interpolatione

226 856 308 888 orta
340 855 455 900 atque
488 848 649 888 delenda
682 861 766 887 esse
798 855 991 900 putarent.
1038 849 1187 896 Quibus
1219 849 1388 901 primum
1414 848 1643 900 respondeo,

226 918 321 956 nihil
355 917 475 956 fuisse
507 930 644 957 causae
675 930 745 956 cur
775 918 863 968 quis
894 918 956 957 illa
990 918 1102 957 verba
1133 918 1338 957 inserenda
1362 930 1445 956 esse
1467 924 1641 969 putaret3

224 986 256 1025 is
289 986 405 1032 enim,
439 986 504 1037 qui
537 998 578 1024 ea
610 986 896 1037 interpolasset,
938 987 1170 1026 sententiam
1209 986 1417 1025 turbasset.
1474 985 1643 1032 Accedit,

225 1055 328 1106 quod
367 1054 404 1093 in
445 1054 529 1106 ipso
561 1054 595 1093 Χ
625 1054 686 1094 illa
727 1055 839 1094 verba
879 1055 999 1094 fuisse
1045 1068 1090 1094 ex
1135 1060 1341 1094 stemmate
1387 1054 1643 1105 intellegitur,

224 1124 299 1162 iam
325 1136 415 1162 vero
442 1123 669 1175 interpolata
691 1123 805 1162 verba
828 1123 1008 1163 habuisse
1029 1124 1059 1163 Y
1081 1136 1197 1176 supra
1219 1137 1255 1176 p.
1278 1123 1354 1162 125
1379 1122 1643 1175 exposuimus,

223 1205 272 1231 ne
304 1192 342 1231 in
367 1195 402 1231 Ω
424 1192 582 1243 quidem
615 1192 769 1239 desunt,
801 1205 899 1244 quae
927 1192 1240 1245 interpolationis
1262 1191 1430 1244 speciem
1456 1191 1640 1230 habeant:

225 1261 265 1299 in
297 1261 330 1299 X
361 1273 451 1300 vero
476 1261 568 1300 tales
599 1260 919 1313 interpolationes
951 1261 1072 1301 fuisse
1104 1261 1205 1299 haud
1241 1260 1352 1299 facile
1384 1259 1643 1299 demonstrari

224 1335 365 1382 potest.
427 1329 600 1380 Denique
645 1330 715 1376 fac,
767 1342 810 1368 ea
861 1329 976 1368 verba
1021 1329 1252 1381 interpolata
1305 1341 1389 1367 esse
1442 1334 1557 1379 atque
1604 1328 1640 1366 in

225 1398 351 1449 aliquo
393 1398 602 1450 archetypo
640 1398 761 1437 fuisse
806 1398 868 1437 sed
912 1397 981 1437 illa
1022 1397 1225 1449 officiosius
1264 1397 1361 1449 quod
1406 1397 1499 1436 mihi
1535 1409 1642 1449 quem

224 1479 433 1518 numquam
482 1467 594 1506 vidit:
646 1465 842 1505 neminem
895 1465 1027 1516 fugere
1078 1472 1218 1517 potest,
1271 1465 1373 1504 illam
1427 1465 1640 1504 orationem

229 1535 456 1574 claudicare.
513 1534 608 1573 Nam
643 1535 834 1586 officiosus
875 1533 907 1572 is
945 1539 1004 1573 est
1041 1534 1105 1585 qui
1145 1533 1268 1573 officia
1307 1533 1431 1573 debita
1473 1540 1643 1585 praestat

224 1610 340 1654 atque
360 1592 554 1655 persolvit,
574 1602 606 1641 is
625 1609 683 1642 est
700 1603 764 1653 qui
779 1603 938 1642 alterius
957 1602 1094 1641 officiis
1113 1607 1344 1654 provocatus
1362 1602 1486 1642 officia
1504 1602 1640 1649 reddit,

224 1685 302 1711 non
336 1672 367 1711 is
399 1672 465 1723 qui
497 1671 603 1723 prior
634 1671 761 1710 studia
793 1678 908 1723 atque
939 1671 1062 1710 officia
1095 1671 1134 1710 in
1165 1671 1335 1710 alienum
1358 1670 1554 1709 hominem
1578 1669 1641 1708 cui

223 1741 318 1780 nihil
351 1741 464 1779 debet
495 1742 656 1779 confert.
714 1739 814 1778 llaec
845 1740 877 1779 si
909 1747 1013 1780 recte
1044 1739 1133 1787 dixi,
1167 1740 1372 1792 officiosius
1403 1752 1480 1778 non
1513 1744 1641 1791 potest

223 1809 414 1860 respicere
460 1808 506 1847 ad
554 1808 809 1859 Pomponiam
856 1809 972 1848 Attici
1023 1808 1158 1855 tiliam,
1210 1821 1308 1859 quae
1359 1820 1572 1859 numquam
1620 1821 1639 1846 a

223 1878 405 1916 Cicerone
437 1877 644 1928 quicquam
677 1882 887 1928 acceperat,
919 1889 1076 1916 necesse
1107 1882 1165 1915 est
1197 1876 1387 1928 respicere
1419 1877 1465 1915 ad
1489 1875 1639 1924 Piliam,

223 1958 382 1985 uxorem
417 1945 544 1992 Attici,
583 1958 680 1996 quae
718 1945 792 1984 iam
834 1945 981 1996 pridem
1025 1946 1249 1985 Ciceronem
1297 1951 1468 1984 noverat.
1531 1945 1585 1983 [ta
1607 1943 1640 1983 si

222 2021 326 2053 recte
358 2014 635 2060 conclusimus,
676 2020 715 2052 et
755 2014 960 2065 officiosius
999 2014 1045 2053 ad
1077 2014 1213 2052 Piliam
1262 2021 1436 2065 spectare
1481 2018 1519 2051 et
1563 2016 1640 2052 iam

219 2083 365 2134 pridem
413 2082 578 2133 genuina
625 2094 709 2121 esse
752 2088 791 2121 et
835 2089 923 2133 post
967 2085 1044 2121 iam
1088 2083 1229 2134 pridem
1276 2081 1490 2121 orationem
1534 2081 1639 2120 hiare

222 2157 393 2202 apparet.
454 2150 600 2195 Restat,
648 2156 689 2188 ut
734 2150 904 2189 hiantem
955 2150 1170 2190 orationem
1217 2151 1457 2202 expleamus,
1505 2156 1542 2188 et
1587 2149 1638 2188 ita

222 2218 375 2270 quidem
428 2225 469 2257 ut
513 2218 763 2270 perspicuum
811 2219 880 2265 sit,
927 2232 1025 2270 quae
1068 2219 1183 2258 verba
1226 2219 1311 2270 ipso
1350 2231 1464 2258 sensu
1504 2217 1638 2269 requi—

222 2294 371 2334 rantur,
409 2294 446 2326 et
477 2299 554 2337 quo
586 2287 701 2325 modo
734 2289 876 2326 sactum
910 2287 971 2333 sit,
1018 2293 1061 2326 ut
1107 2300 1148 2326 ea
1194 2287 1307 2326 verba
1351 2287 1636 2326 omitterentur.

222 2355 316 2394 Pilia
350 2356 556 2407 officiosius
587 2355 762 2394 Ciceroni
801 2355 951 2393 videtur
981 2355 1130 2402 fecisse,
1176 2356 1279 2406 quod
1325 2355 1475 2394 homiui
1514 2355 1638 2394 amico

227 2424 393 2462 salutem
426 2423 592 2462 adscribi
624 2423 802 2471 iusserit,
834 2422 963 2473 itaque
994 2429 1032 2462 et
1063 2424 1348 2475 comparativus
1371 2423 1638 2463 adverbialiter

222 2492 376 2543 positus
408 2491 634 2542 requiritur,
676 2491 778 2530 unde
810 2498 1001 2543 appareat,
1033 2505 1110 2543 quo
1143 2492 1258 2531 modo
1289 2491 1501 2544 Pomponia
1523 2490 1636 2529 Attici

221 2560 296 2599 filia
316 2560 451 2599 fecisse
469 2559 656 2607 videatur,
679 2566 946 2611 etpronornen
966 2560 1152 2600 feminino
1170 2573 1308 2611 genere
1331 2559 1514 2611 positum,
1533 2558 1635 2609 quod

221 2629 407 2667 vocabulo
423 2629 492 2667 illa
508 2628 751 2680 respondeat,
770 2634 807 2667 et
825 2629 951 2675 verba,
964 2629 1196 2680 quibuscum
1211 2639 1418 2679 numquam
1435 2628 1524 2665 vidit
1542 2639 1636 2665 con-

222 2697 443 2746 iun5antur.
485 2697 591 2743 Quae
613 2709 700 2736 cum
727 2697 773 2735 ita
798 2697 887 2743 sint,
912 2697 1026 2736 huius
1046 2698 1148 2735 modi
1167 2697 1397 2735 sententiam
1418 2695 1633 2747 ponendam
