1821 3077
695 129 1139 170 *198*

211 249 351 288 Utrum
402 254 521 299 egeret
571 259 617 284 an
670 250 784 298 eyerit
834 247 872 284 in
918 246 952 284 X
996 246 1126 293 fuerit,
1179 247 1339 285 dubium
1393 254 1452 286 est
1502 260 1627 298 neque

211 316 413 355 diiudicari
444 321 584 368 potest,
624 321 830 366 antequam
873 321 978 354 totus
1015 315 1123 354 locus
1161 316 1363 368 expeditus
1396 323 1462 354 est.
1526 316 1627 363 Quid

210 397 300 424 vero
347 383 596 423 scribendum
640 383 690 422 sit
728 383 786 422 vel
823 383 953 436 potius
991 396 1068 435 quo
1110 384 1225 423 modo
1257 384 1372 422 verba
1404 384 1626 435 explicanda

210 454 301 499 sint,
353 464 458 492 nunc
499 452 709 491 obscurum
754 458 813 490 est
857 454 1078 503 frustraque
1122 453 1159 490 in
1207 465 1249 491 ea
1295 465 1335 491 re
1374 452 1549 491 Muretus
1591 459 1629 492 et

211 521 422 573 Tyrrellius
469 527 507 560 et
552 520 764 571 Madvigius
816 519 1074 559 elaborarunt.
1149 520 1227 559 Nos
1274 520 1392 571 igitur
1441 520 1627 572 primum,

211 602 287 628 non
321 589 413 640 quid
447 588 580 628 Cicero
611 589 821 640 scripserit,
869 589 935 628 sed
983 588 1106 640 qualis
1152 589 1235 628 eius
1275 589 1467 628 sententia
1498 589 1627 635 fuerit,

209 657 481 710 exponendum
522 670 605 696 esse
644 664 841 709 putamus.
900 656 955 696 Ex
993 657 1162 710 equidem
1193 664 1230 697 et
1260 658 1325 698 sed
1354 664 1480 696 tamen
1511 656 1630 697 multo

210 730 335 766 minus
366 727 497 766 laboro
527 727 719 766 contrarie
751 725 888 778 positis
910 725 1138 772 conicimus,
1170 726 1262 765 haec
1292 728 1371 765 fere
1403 726 1627 765 Ciceronem

212 795 396 834 sensisse:
441 795 647 846 ‘Quicquid
679 794 850 842 Quintus
892 797 1021 841 frater,
1068 794 1101 833 si
1132 807 1220 834 eum
1258 793 1480 847 provinciae
1517 806 1630 846 prae-

210 864 404 908 fecissem,
438 863 590 914 egisset,
623 875 692 914 ego
723 869 918 915 praestare
950 862 1189 910 debuissem3
1220 862 1349 914 itaque
1379 863 1632 901 veliementer

211 932 251 971 in
284 944 326 971 ea
359 944 400 970 re
431 931 681 970 laborassem.
743 931 855 970 Nunc
885 944 976 970 vero
1007 931 1178 970 Caelium
1211 930 1368 982 reliqui3
1404 930 1444 969 in
1476 942 1565 982 quo,
1598 929 1631 969 si

211 1001 304 1052 quid
338 999 468 1039 minus
500 1006 603 1040 recte
633 1000 738 1047 facit,
783 1012 862 1039 non
902 1000 986 1039 dico
1027 999 1206 1052 equidem
1252 1000 1342 1051 quid
1377 1000 1416 1039 id
1455 999 1504 1039 ad
1544 996 1631 1038 me?

211 1069 269 1108 vel
315 1067 411 1108 nihil
460 1072 611 1108 omnino
660 1080 773 1114 curo,
820 1069 886 1108 sed
933 1075 1064 1108 tamen
1118 1069 1242 1108 multo
1295 1068 1426 1107 minus
1473 1066 1629 1107 laboro'.

213 1137 345 1176 Talem
377 1137 496 1188 igitur
528 1149 687 1176 sensum
720 1143 786 1175 aut
828 1138 1084 1189 explicatione
1115 1143 1182 1176 aut
1212 1136 1485 1176 emendatione
1515 1135 1631 1174 resti·

213 1205 401 1245 tuendum
421 1217 506 1244 esse
529 1212 700 1258 apparet.
749 1205 882 1257 Neque
904 1219 975 1245 nos
1007 1206 1053 1246 ad
1085 1206 1397 1246 emendationem
1420 1207 1630 1256 confugere

213 1274 492 1320 dubitaremus,
538 1273 613 1312 nisi
660 1273 885 1314 Ciceronem
938 1287 1045 1314 more
1097 1287 1166 1313 suo
1217 1286 1371 1313 versum
1418 1274 1626 1326 quendam,

212 1342 279 1394 qui
293 1341 486 1394 proverbii
502 1342 580 1381 vim
598 1348 777 1389 traxerat,
800 1343 977 1394 pluribus
999 1343 1091 1382 locis
1109 1343 1258 1381 adferre
1275 1342 1517 1391 videremus3
1539 1355 1627 1382 nam

212 1410 276 1449 hic
314 1417 373 1449 est
413 1422 499 1449 mos
530 1410 738 1458 Ciceronis,
786 1418 829 1450 ut
859 1418 897 1450 et
928 1411 966 1450 in
1005 1411 1129 1463 ipsius
1168 1410 1340 1450 oratione
1381 1423 1423 1450 ea
1465 1411 1630 1459 omittat,

213 1490 310 1530 quae
342 1479 466 1529 quivis
499 1479 680 1531 supplere
717 1486 882 1532 poterat,
929 1485 966 1518 et
1011 1478 1214 1531 proverbia
1252 1490 1464 1530 versusque
1501 1479 1632 1531 potius

213 1546 379 1598 stringat
400 1559 516 1598 quarn
546 1547 591 1586 ad
617 1548 776 1587 verbum
805 1547 952 1587 reddat.
991 1547 1114 1594 Quem
1140 1559 1230 1586 vero
1253 1558 1408 1586 versum
1440 1546 1632 1599 respiciat,

215 1628 261 1654 ex
283 1615 356 1654 hoc
377 1615 462 1655 loco
485 1623 663 1668 apparet3
685 1629 775 1655 nam
798 1616 836 1655 in
855 1616 968 1656 Tusc.
986 1616 1037 1655 Ill
1059 1618 1080 1664 ξ
1098 1615 1150 1655 50
1173 1615 1267 1654 haec
1284 1615 1434 1654 scribit:
1454 1616 1530 1667 Eyo
1550 1628 1632 1655 sum

215 1686 246 1723 is
271 1687 337 1736 qui
365 1683 487 1724 dicam
518 1696 574 1724 me
611 1697 688 1724 non
719 1685 913 1732 laborare;
944 1691 1069 1724 actvrm
1099 1684 1330 1729 habiturum,
1361 1684 1457 1735 quod
1478 1687 1632 1735 egerint.

214 1751 469 1803 Perspicuum
518 1759 588 1799 est,
636 1759 674 1792 et
715 1753 831 1792 verba
871 1753 1076 1804 utriusque
1112 1752 1186 1791 loci
1223 1764 1438 1803 congruere
1473 1758 1513 1791 et
1542 1764 1634 1791 sen-

214 1820 376 1859 tentiam
409 1820 524 1872 plane
555 1821 796 1874 conspirare3
833 1834 923 1860 nam
956 1821 1087 1861 laboro
1117 1827 1156 1860 et
1186 1821 1285 1872 quod
1315 1823 1457 1873 eyerz'nt
1487 1821 1632 1873 (eyerit)

217 1896 383 1940 utroque
413 1889 497 1928 loco
527 1889 738 1937 invenitur,
778 1890 951 1941 itemque
989 1896 1156 1941 utroque
1193 1889 1276 1928 loco
1314 1889 1376 1928 bic
1405 1895 1465 1928 est
1495 1901 1633 1928 sensus

217 1957 342 2009 ‘plane
373 1969 455 1996 rem
488 1969 567 1996 non
600 1957 718 1997 curo'.
779 1958 829 1998 Ut
859 1971 950 1998 vero
982 1970 1137 1998 versum
1174 1958 1295 1997 fuisse
1331 1964 1479 2010 putem,
1518 1958 1634 1997 verba

217 2025 381 2065 suadent
419 2031 524 2065 recte
561 2025 736 2065 cadentia
767 2028 866 2078 quod
903 2030 1018 2079 eyerit
1052 2027 1092 2066 id
1128 2034 1253 2066 actum
1289 2025 1449 2072 habehim
1499 2038 1519 2065 a
1556 2039 1634 2078 quo

216 2106 329 2133 versu
361 2093 565 2133 laborandi
592 2094 752 2134 verbum
777 2107 856 2135 non
878 2096 1020 2135 afuisse
1042 2102 1212 2148 apparet,
1244 2107 1370 2147 neque
1392 2107 1482 2134 vero
1503 2094 1631 2147 ipsum

216 2174 373 2202 versum
406 2162 614 2202 restituere
645 2174 844 2211 conamur,
878 2165 980 2216 quod
1011 2176 1134 2215 nugas
1164 2176 1275 2215 agere
1305 2164 1504 2203 nolumus.
1555 2163 1634 2202 lam

218 2231 250 2270 si
269 2231 401 2271 Cicero
425 2230 578 2270 duobus
599 2231 692 2270 locis
714 2232 962 2283 proverbium
980 2233 1103 2272 adfert
1124 2239 1163 2272 et
1183 2233 1303 2272 altero
1325 2232 1481 2284 quidem
1504 2232 1568 2279 ita,
1592 2238 1635 2272 ut

219 2299 390 2338 Atticum
420 2311 535 2350 quem
564 2312 720 2339 versum
748 2300 929 2353 respiciat
955 2301 1244 2341 intellecturum
1270 2301 1464 2353 opinetur,
1491 2301 1634 2340 rectius

218 2368 314 2407 haec
343 2367 658 2420 explicabuntur:
709 2368 756 2408 ad
801 2369 892 2408 fam.
932 2369 1013 2408 XVI
1046 2369 1111 2416 24,
1135 2369 1159 2408 2
1200 2377 1291 2421 puto
1333 2376 1536 2421 utrumque
1581 2372 1635 2416 (et

220 2435 383 2475 Balbum
407 2441 445 2474 et
466 2434 653 2485 Hirtium)
686 2437 735 2477 ad
765 2448 897 2490 aquas.
933 2436 1008 2476 Sed
1028 2439 1126 2490 quod
1147 2441 1290 2490 eyerint
1308 2451 1385 2487 —3
1414 2438 1508 2477 falso
1530 2437 1634 2476 enim

219 2516 329 2544 nunc
360 2505 449 2557 quid
479 2507 620 2556 egerint
649 2517 695 2544 ex
726 2505 888 2545 vetustis
920 2506 1155 2546 editionibus
1187 2506 1373 2559 recipitur
1409 2513 1447 2545 et
1485 2505 1634 2545 scribito

225 2573 487 2625 supplendum
520 2585 605 2613 esse
646 2572 859 2620 conicitur·,
903 2586 992 2613 nam
1039 2581 1078 2614 et
1122 2574 1195 2615 Sed
1239 2575 1286 2614 ab
1331 2574 1402 2613 hac
1444 2573 1634 2613 sententia

225 2641 408 2680 abhorret
428 2640 591 2687 scribito,
613 2641 702 2693 quid
723 2644 865 2693 eyerz'nt
886 2649 924 2680 et
944 2643 1042 2694 quod
1063 2646 1216 2694 egerint,
1238 2641 1305 2694 <id
1324 2649 1450 2681 actum
1463 2638 1631 2694 habebo>
