1821 3077
107 192 303 224 πεικνωσ
343 179 409 221 ΑῙε
458 180 630 228 πυκνῶς
671 178 730 228 A2,
767 194 803 220 c:
854 186 1087 232 ‘quanquam
1135 178 1332 231 exemplar
1378 177 1529 224 πεινὸς

105 251 285 292 habebat'
330 251 446 290 index
491 250 659 290 Graecus
705 250 742 289 in
792 263 823 296 c,
858 254 908 296 A,
942 249 992 288 O:
1043 247 1269 287 IIEIIIOC
1311 247 1355 294 R,
1388 247 1431 285 P.
1476 270 1530 274 ῃ

106 322 192 362 XIV
216 321 280 369 13,
305 323 324 360 1
373 326 452 360 tres
490 332 625 359 versus
658 320 792 359 Graeci
823 319 869 358 ab
900 317 995 357 ΙΑ12
1030 317 1184 363 absunt,
1233 317 1298 355 sed
1332 316 1381 355 ita
1415 321 1459 355 ut
1490 316 1527 354 in

108 388 180 430 ΙΑ2
210 402 375 430 vacuum
409 389 576 442 spatium
611 389 790 428 relietum
825 388 892 428 sit:
925 393 963 426 et
993 400 1013 426 c
1045 392 1083 426 et
1113 387 1228 425 index
1252 386 1421 425 Graecus
1449 384 1486 423 in
1512 398 1531 423 e

107 473 174 500 eos
217 473 353 499 versus
393 459 548 505 habent,
596 458 661 497 sed
703 458 815 497 index
849 458 1016 496 Graecus
1053 453 1181 496 Αλλὰ
1222 468 1292 506 pro
1334 451 1444 493 ἀλλ’.
1479 477 1530 482 —

109 529 173 568 XV
194 529 276 577 5,1
326 525 410 580 [ὅτε
454 528 570 577 ναῦς]
616 530 840 580 ανθρακειν
879 524 946 565 Al:
995 521 1078 575 [ὅτε
1123 524 1238 574 ναῦς]
1286 519 1533 575 ἅνθρακειῗς

108 595 168 645 A2,
191 610 228 638 c:
273 598 322 648 [o.
346 610 381 637 v.
403 597 457 646 α.]
496 609 532 636 s:
576 592 1193 636 OTENAYCANQPAKEC
1219 593 1274 632 M:
1321 589 1391 632 ὅτε
1430 592 1532 638 ναῦς

111 665 330 718 ἄνθρακες
360 665 405 705 C:
458 669 545 704 ‘...
578 665 734 705 tametsi
779 665 839 704 alii
888 664 1039 704 codices
1086 663 1264 708 habeant,
1313 658 1384 701 ὅτε
1430 661 1533 707 ναῦς

112 734 344 789 ἄνθρακες’
375 735 492 774 index
520 735 689 774 Graecus
720 734 757 773 in
791 747 828 773 c:
861 733 1046 773 lectiones
1080 746 1124 772 ex
1156 733 1200 777 Ο,
1224 732 1268 779 R,
1292 731 1333 778 P,
1357 730 1422 769 ΖΒ
1454 743 1531 769 non

114 805 258 853 adfero,
290 805 393 856 quod
426 804 645 843 simillimae
677 810 769 843 sunt
791 804 830 845 G,
862 804 938 842 ind.
965 803 1030 842 Gr.
1052 802 1091 840 in
1114 814 1146 848 c,
1176 801 1223 839 M.
1247 824 1301 829 -
1333 800 1399 839 XV
1424 800 1486 846 19,
1515 800 1529 837 1

112 873 322 928 [ἐργῶδες]
354 873 441 921 A12,
471 887 507 913 s:
557 872 795 926 <ἐργῶδες>
844 886 864 911 c
909 879 946 911 et
985 872 1102 911 index
1133 872 1301 910 Graecus
1348 869 1386 908 in
1428 882 1459 915 c,
1483 869 1534 907 0:

116 942 436 984 ΕΡΚΩΘΔΕΟ
464 943 520 982 Μ.·
553 941 871 981 ΕΡΚΟΘΑΕΟ
899 941 946 980 P:
982 938 1300 979 ΕΡΚΩΘΑΕΟ
1328 938 1371 976 R.

229 1013 400 1052 Indicem
453 1012 641 1051 Graecum
703 1010 885 1050 editionis
937 1009 1212 1049 Cratandrinae
1269 1020 1356 1046 cum
1413 1006 1537 1046 indice

116 1082 261 1121 Graeco
293 1082 351 1121 ed.
373 1081 630 1120 Ascensianae
662 1085 931 1132 comparantes
962 1078 1242 1129 intellegimus,
1289 1089 1404 1128 quam
1452 1088 1538 1114 mo-

116 1151 224 1190 deste
261 1151 306 1198 is,
344 1150 410 1202 qui
442 1149 735 1189 Cratandrinam
769 1148 929 1191 curavit.
976 1147 1175 1187 codicibus
1208 1159 1302 1185 usus
1335 1145 1402 1187 sit:
1447 1157 1537 1183 nain

116 1220 245 1273 priore
265 1220 350 1259 loco
381 1225 420 1258 et.
442 1219 584 1259 Graeca
617 1219 732 1258 verba
766 1225 803 1257 et
834 1218 1053 1257 versionem
1078 1216 1270 1259 Latinam,
1302 1227 1399 1266 quae
1423 1226 1537 1265 quam

115 1302 295 1342 perversa
341 1301 454 1341 saepe
501 1288 552 1328 sit
595 1288 658 1327 vix
695 1287 878 1327 credibile
910 1293 980 1334 est,
1029 1299 1074 1325 ex
1106 1283 1153 1324 Α2
1185 1285 1312 1324 indice
1345 1283 1540 1336 exprimit,

120 1366 202 1398 tum
237 1371 400 1398 suorum
431 1357 608 1397 codicum
642 1357 847 1396 lectionem
881 1362 997 1408 atque
1029 1355 1203 1394 Latinam
1244 1353 1538 1406 explicationem

122 1427 278 1468 subicit.
329 1427 426 1466 Cum
459 1439 550 1465 vero
582 1426 733 1465 codices
766 1425 819 1464 illi
842 1426 1005 1465 Graecas
1037 1425 1185 1463 litteras
1208 1436 1320 1475 saepe
1343 1428 1541 1461 contortas

122 1502 161 1535 et
191 1502 393 1548 corruptas
424 1496 625 1542 haberent,
672 1497 816 1534 factum
850 1500 919 1533 est.
967 1500 1008 1532 ut
1041 1505 1118 1532 non
1152 1492 1270 1531 nullis
1302 1491 1396 1530 locis
1428 1490 1544 1529 editio

124 1564 378 1604 Cratandrina
411 1563 525 1602 falsas
556 1563 741 1602 lectiones
774 1569 950 1602 novaret:
983 1562 1116 1601 eadem
1151 1560 1418 1612 compluribus
1451 1559 1544 1598 loeis

125 1634 183 1672 vel
214 1634 338 1685 prima
371 1632 430 1671 vel
461 1632 540 1671 sola
572 1632 778 1683 genuinam
812 1631 1016 1671 lectionem
1052 1630 1223 1682 praebet.

239 1701 293 1740 Ex
329 1701 413 1740 istis
449 1713 540 1740 vero
573 1700 728 1739 Graecis
760 1699 992 1739 lectionibus
1024 1699 1063 1737 in
1097 1699 1135 1746 C,
1169 1712 1200 1745 c,
1242 1698 1366 1737 indice
1399 1698 1543 1736 Graeco

125 1776 302 1824 apparet:
337 1772 372 1819 a)
396 1769 651 1809 Cratandrum
682 1769 824 1808 multas
855 1781 996 1820 easque
1029 1766 1488 1837 stuhissimassscfiones
1510 1772 1548 1803 et

126 1840 322 1880 versiones
354 1852 401 1878 ex
432 1835 480 1877 Α2
512 1838 727 1890 sumpsisse
760 1851 885 1889 neque
918 1842 1103 1882 mutasse,
1142 1836 1245 1887 quod
1278 1848 1365 1874 raro
1397 1836 1546 1874 codices

127 1908 368 1961 inspiciebat.
416 1908 455 1957 h)
479 1908 734 1948 Cratandrum
775 1919 852 1946 non
885 1919 1021 1945 omnes
1053 1919 1116 1945 eas
1148 1905 1347 1952 lectiones,
1380 1917 1476 1955 quas
1508 1904 1546 1941 in

130 1978 253 2018 indice
295 1977 437 2029 posuit,
485 1977 524 2016 in
574 1983 722 2016 textum
762 1976 954 2028 recepisse
985 1975 1044 2014 vel
1076 1975 1113 2014 in
1149 1974 1321 2025 margine
1353 1973 1548 2026 posuisse;

132 2049 261 2099 itaque
292 2059 370 2085 non
402 2058 526 2085 unum
559 2045 772 2092 hominem,
805 2046 870 2084 sed
904 2044 1124 2096 complures
1157 2043 1366 2082 editionem
1400 2042 1545 2093 epistu-

129 2117 254 2156 larum
288 2128 444 2155 curasse
467 2120 573 2167 puto.
625 2117 660 2158 c)
684 2113 939 2153 Cratandrum
973 2126 1051 2152 non
1084 2125 1220 2151 omnes
1252 2124 1315 2150 eas
1348 2111 1548 2156 lectiones,

130 2199 225 2238 quas
273 2185 310 2224 in
352 2190 459 2224 textu
498 2190 562 2222 aut
594 2183 632 2222 in
666 2183 839 2234 margine
870 2182 1037 2227 novavit,
1085 2182 1122 2220 in
1156 2181 1322 2220 indicem
1357 2180 1547 2218 Graecum

131 2254 336 2307 recepisse.
398 2253 437 2299 d,
467 2252 673 2292 Codicibus
706 2251 974 2304 compluribus
1007 2251 1262 2289 Cratandrum
1305 2260 1417 2287 usum
1451 2260 1548 2285 esse.

134 2331 170 2373 e)
222 2324 322 2363 Istos
382 2321 532 2361 codices
583 2321 724 2360 Graeca
785 2320 897 2359 verba
950 2319 1147 2371 quadratis
1199 2318 1335 2357 litteris
1388 2317 1550 2368 scriptas

135 2393 335 2436 liabuisse3
366 2403 455 2430 nam
486 2390 722 2441 ubicumque
744 2390 856 2429 lectio
879 2389 1042 2428 obscura
1066 2395 1158 2435 erat,
1192 2386 1388 2438 quadratis
1411 2385 1551 2423 litteris

135 2462 346 2502 Cratander
397 2466 434 2499 et
484 2459 521 2498 in
576 2458 746 2509 margine
797 2466 835 2497 et.
887 2459 921 2497 in
965 2464 1071 2497 textu
1118 2464 1156 2495 et
1202 2456 1238 2494 in
1287 2454 1411 2493 indice
1459 2467 1552 2492 usus

135 2537 205 2571 est.
268 2533 302 2578 f)
334 2530 427 2569 Eam
467 2527 718 2579 diligentiam,
765 2540 838 2578 qua
881 2540 952 2566 nos
991 2527 1029 2565 in
1070 2524 1315 2565 conferendis
1354 2522 1552 2561 codivilms

138 2601 298 2648 utimur,
343 2598 506 2638 alienam
555 2610 573 2635 a
607 2596 819 2635 Crataudro
866 2596 996 2641 fuisso,
1043 2595 1185 2646 quippe
1223 2593 1288 2644 qui
1329 2593 1373 2631 ad
1414 2592 1445 2630 X
1469 2591 1549 2631 21

1299 2660 1341 2691 (3⁸41
