1821 3077
754 154 1191 195 ρψ188ήΜ

264 272 413 311 EORP
446 278 484 311 et
514 285 559 311 ex
600 272 727 324 aliquo
772 272 901 312 codice
941 272 980 312 in
1013 273 1049 312 M
1079 273 1360 326 reciperentur.
1420 273 1552 325 Itaque
1582 274 1677 314 haec

263 340 390 379 omnia
429 341 647 381 nescimus:
696 341 830 393 quis*)
867 342 949 380 illas
994 342 1235 382 coniecturas
1273 342 1565 394 excogitaverit,
1611 343 1678 395 qui

263 409 383 448 codex
414 422 477 449 eas
510 410 659 462 primus
698 409 895 458 hahuerit,
935 423 980 449 ex
1012 423 1089 462 quo
1120 411 1249 451 codice
1290 412 1327 450 in
1360 411 1397 450 M
1426 411 1677 463 irrepserint3

263 478 336 516 hoc
368 490 438 516 nos
470 484 508 517 et
539 478 703 518 dicimus
735 486 772 518 et
804 479 1088 527 contendimus,
1135 491 1270 518 omnes
1316 492 1378 518 eas
1417 491 1513 532 quas
1545 479 1676 519 attuli-

264 558 351 586 mus
383 546 568 586 lectiones
600 548 822 586 coniectura
854 560 937 587 esse
970 554 1154 600 repertas.

376 615 543 655 Alteram
578 616 744 667 denique
776 616 966 655 rationem
991 617 1036 655 de
1058 615 1290 656 lectionibus
1313 615 1366 655 Μ2
1390 615 1675 655 constituendis

263 684 495 724 adferimus:
535 698 623 724 nam
658 692 696 724 et
725 684 756 723 X
791 686 843 724 aa
875 692 913 723 et
943 685 1026 723 le
1063 686 1135 724 1721
1167 698 1245 724 non
1278 685 1393 724 modo
1429 685 1469 724 in
1500 684 1677 737 epistulis

263 754 307 792 ad
332 754 515 801 Atticum,
548 754 613 793 sed
645 754 760 793 etiam
793 754 833 793 in
865 753 1041 806 epistulis
1073 754 1118 793 ad
1152 753 1358 793 familiares
1391 759 1493 793 suut.
1544 753 1678 792 lamis

263 823 395 869 codex,
428 823 494 874 qui
525 835 589 861 eas
612 823 795 874 epistulas
817 823 945 870 habet,
977 823 1040 862 IX.
1073 823 1131 862 vel
1152 822 1197 861 X.
1227 823 1378 862 saeculo
1401 822 1572 874 scriptus
1594 834 1679 861 esse

263 897 433 942 putatur,
466 898 600 931 contra
622 890 677 931 Μι
713 904 745 930 a.
776 892 856 931 fere
883 891 988 931 1392
1021 891 1209 944 scriptum
1234 904 1319 930 esse
1350 896 1515 930 constat.
1566 889 1679 937 Quod

264 960 296 998 si
318 961 410 999 Eet
432 960 465 998 M
499 973 586 999 eum
620 960 694 999 isto
726 966 878 1000 vetusto
909 960 1038 1000 codice
1070 966 1358 1012 comparantur,
1397 959 1531 998 eodem
1565 959 1679 997 modo

264 1034 422 1080 apparet
467 1036 505 1068 et
549 1042 646 1080 quae
684 1029 867 1069 lectiones
905 1029 968 1068 M2
1008 1036 1046 1068 et
1083 1042 1181 1081 quae
1217 1029 1401 1069 lectiones
1438 1027 1614 1067 codicum
1646 1028 1683 1066 Σ

264 1097 486 1137 coniectura
518 1097 696 1137 inventae
729 1098 819 1137 sint.

380 1166 452 1205 Sed
486 1172 524 1206 et
555 1167 653 1206 lianc
684 1180 764 1206 rem
797 1174 835 1206 et
867 1179 943 1206 non
982 1166 1085 1205 nulla
1113 1166 1184 1205 alia
1214 1165 1288 1205 alio
1316 1165 1400 1204 loco
1422 1176 1678 1218 exponemus:

267 1235 338 1273 lioc
377 1248 421 1274 cx
464 1235 509 1274 iis
551 1248 647 1287 quas
694 1236 896 1275 attulimus
942 1235 1175 1275 lectionibus
1225 1240 1394 1287 apparet,
1443 1234 1678 1285 ubicumque

267 1302 372 1342 WCZ
416 1304 553 1350 desint,
588 1304 720 1343 multis
751 1305 845 1344 locis
877 1304 1043 1343 dubitari
1075 1316 1201 1356 posse,
1236 1311 1366 1342 utrum
1402 1302 1579 1341 meliores
1611 1308 1678 1342 aut

265 1371 378 1411 etiam
413 1379 538 1411 rectae
570 1372 753 1412 lectiones
785 1373 1004 1413 coniectura
1037 1378 1212 1424 repertae
1243 1372 1321 1412 sint
1351 1384 1484 1411 necne.

379 1441 421 1493 3)
454 1441 574 1480 Dubia
612 1454 673 1481 res
713 1448 788 1489 est,
828 1442 893 1481 ubi
932 1441 1043 1481 tertia
1082 1440 1258 1480 condicio
1295 1440 1451 1487 accidit,
1488 1442 1512 1480 i.
1541 1454 1573 1480 e.
1613 1441 1676 1480 ubi

266 1516 304 1548 et
343 1509 373 1547 Y
404 1510 495 1561 quid
543 1510 722 1550 habuerit
767 1517 919 1549 constat
948 1516 987 1549 et
1016 1510 1046 1549 Y
1077 1510 1124 1549 ab
1157 1512 1193 1548 Ω
1225 1509 1424 1555 dissentit3
1470 1522 1558 1549 nam
1607 1509 1678 1549 etsi

267 1591 337 1617 nos
359 1578 564 1630 opinamur
586 1579 616 1618 Y
640 1579 837 1618 meliorem
861 1580 979 1618 fuisse
1002 1591 1117 1630 quam
1143 1579 1181 1617 Ω
1202 1584 1318 1630 atque
1346 1591 1429 1617 eam
1454 1578 1676 1631 opinionem

265 1647 336 1686 loci
369 1661 467 1698 quos
498 1648 587 1687 inde
615 1662 634 1686 a
667 1662 703 1700 p.
735 1648 808 1686 122
841 1648 1042 1687 attulimus
1065 1647 1243 1700 probant,
1277 1653 1418 1694 tamen,
1451 1647 1553 1699 quod
1577 1646 1678 1686 Crat.

267 1729 311 1754 ex
342 1717 369 1755 C
401 1723 438 1756 et
470 1717 682 1756 Lambinus
721 1730 766 1756 ex
799 1717 825 1756 Z
859 1717 976 1756 malas
1016 1716 1199 1755 lectiones
1238 1716 1387 1755 adferre
1425 1728 1505 1755 non
1542 1716 1678 1763 solent,

269 1785 341 1824 hoc
381 1785 496 1824 modo
535 1799 712 1837 agemus:
760 1786 797 1837 a)
837 1786 878 1825 lu
917 1785 1028 1825 bonis
1066 1792 1104 1825 et
1142 1785 1251 1825 malis
1288 1785 1518 1825 lectionibus
1556 1796 1678 1824 unum

267 1853 453 1893 iudicium
496 1854 652 1902 valebit3
692 1854 825 1894 multis
863 1860 992 1894 autem
1034 1854 1127 1894 locis
1165 1854 1351 1894 iudicium
1391 1853 1521 1901 efficit,
1568 1859 1610 1892 ut
1650 1852 1680 1892 Y

267 1935 488 1973 sequamur,
522 1924 559 1962 Ω
589 1923 808 1963 reiciamus.
871 1923 910 1974 b)
941 1923 984 1962 In
1017 1923 1154 1962 mediis
1185 1922 1473 1963 neutralibusve
1503 1922 1679 1962 lectioni-

268 1991 361 2037 buS,
403 2004 500 2043 quae
539 1998 582 2031 ut
622 2004 728 2031 nunc
765 1998 824 2031 est
866 2004 951 2031 raro
988 1992 1185 2040 accidunt,
1228 2005 1317 2031 cum
1356 1991 1543 2031 iudicium
1584 1990 1682 2030 nihil

268 2060 400 2108 valeat,
434 2063 471 2099 ,Ω
493 2061 530 2100 in
564 2067 711 2100 textum
736 2060 980 2112 recipiemus,
1014 2059 1191 2113 CWZ**)
1221 2061 1261 2100 in
1282 2061 1529 2100 adnotatione
1560 2072 1680 2112 pone-

270 2141 371 2168 mus.
451 2129 563 2176 Quod
618 2142 706 2169 cum
754 2129 959 2176 faciemus,
1021 2130 1162 2169 iniuria
1224 2129 1512 2177 accusabimur,
1578 2128 1680 2180 quod

269 2210 385 2250 supra
423 2211 458 2250 p.
485 2198 563 2238 164
609 2198 790 2246 diximus,
836 2198 884 2236 W
916 2198 1038 2250 pluris
1083 2211 1168 2238 esse
1214 2198 1431 2237 faciendum
1475 2210 1590 2249 quam
1631 2196 1680 2244 M,

269 2272 384 2318 atque
415 2267 582 2307 editores
616 2267 753 2306 harum
787 2280 872 2319 epp.
905 2266 1247 2319 reprehendimus3
1289 2279 1379 2306 nam
1418 2266 1470 2305 illi
1502 2266 1681 2306 homines

272 2336 376 2376 docti
414 2349 493 2375 uno
524 2336 694 2375 Mediceo
739 2335 800 2375 usi
846 2343 955 2382 sunt,
1001 2336 1067 2386 qui
1104 2336 1222 2375 codex
1270 2342 1350 2375 tum
1397 2348 1430 2374 a.
1462 2337 1542 2375 fere
1575 2333 1681 2374 1350

384 2459 415 2501 *)
442 2461 510 2494 Nos
542 2461 743 2499 conicimus,
780 2461 885 2502 ipsum
920 2459 1132 2491 Petrarcham
1173 2461 1293 2492 multas
1332 2459 1544 2492 coniecturas
1584 2467 1681 2490 exco-

271 2518 416 2558 gitasse3
442 2528 523 2561 quae
543 2518 756 2550 coniecturae
776 2527 847 2549 cum
866 2527 906 2548 ex
926 2517 1116 2558 apographo
1135 2516 1229 2549 Petr.
1256 2517 1287 2549 in
1316 2517 1346 2550 M
1373 2520 1529 2558 receptae
1556 2521 1681 2556 essent,

270 2573 445 2611 accidisse,
472 2577 509 2604 ut
535 2572 567 2604 M
593 2573 632 2604 ab
657 2573 729 2614 ipso
757 2572 844 2603 Petr.
874 2576 1034 2603 exaratus
1061 2580 1136 2602 csse
1163 2576 1352 2612 putaretur.

362 2633 411 2674 **)
437 2633 636 2677 Quamquam
662 2639 784 2677 quanto
811 2634 918 2677 pluris
943 2634 1012 2666 sint
1038 2633 1062 2665 C
1083 2632 1122 2667 ··l-
1146 2633 1189 2665 W
1215 2639 1273 2666 aut
1291 2632 1335 2666 W
1357 2639 1394 2676 -ξ-
1416 2632 1441 2664 Z
1468 2637 1527 2664 aut
1551 2631 1574 2663 C
1594 2633 1635 2665 -l-
1655 2631 1681 2664 Z

272 2699 365 2732 quam
391 2699 475 2721 unus
501 2688 524 2720 C
551 2699 635 2721 uuus
662 2688 707 2721 W
732 2699 816 2720 unus
843 2687 868 2720 Z
895 2688 979 2721 satis
1005 2691 1154 2730 apparet.
