1821 3077
668 155 1082 194 *ΙΙ-

172 280 291 325 atque
328 272 514 324 neglegit3
560 272 667 324 atqui
712 282 1020 313 commemorare
1061 281 1177 325 atque
1213 275 1403 327 explicare
1442 277 1586 324 debuit,

166 355 244 394 quo
277 341 392 381 modo
423 343 567 381 factum
601 348 724 389 esset,
764 348 806 382 ut
837 343 851 381 I
884 348 940 382 tot
971 348 1129 394 tamque
1161 343 1340 395 gravibus
1372 345 1466 385 locis
1497 359 1586 385 cum

166 410 205 458 Z,
229 410 289 456 W,
321 409 508 450 Suetonio
540 411 789 451 consentiret.

281 479 402 519 Multo
433 485 526 519 sunt
556 480 688 532 plures
719 481 809 532 loci,
843 481 986 534 quibus
1017 482 1033 520 Ι
1063 481 1295 521 lectionibus
1327 482 1471 522 codicis
1503 483 1585 523 Me-

165 549 262 589 dieei
303 548 355 588 ita
387 555 578 601 praestat,
612 557 656 589 ut
693 562 831 590 omnes
866 550 1034 590 editores
1066 550 1103 589 Μ
1133 550 1314 597 reiciant,
1353 551 1367 589 Ι
1399 552 1585 603 probent:

165 631 254 659 cum
299 631 390 658 vero
437 617 641 671 perpaucis
687 618 782 658 locis
814 619 992 659 Baiterus
1023 620 1038 659 Ι
1075 620 1114 659 in
1160 619 1409 660 adnotatione
1456 621 1586 661 critica

165 688 485 728 commemorarit
522 693 638 740 atque
672 688 804 727 Orellii
841 689 929 728 adn.
961 688 1093 729 critica
1128 689 1243 742 paulo
1289 688 1492 729 ohscurior
1524 690 1585 738 sit,

164 758 191 797 ii
235 758 301 810 qui
347 757 440 797 haec
475 757 605 809 legent
646 763 781 797 nostra
819 757 1014 810 diligentia
1060 759 1255 798 confidere
1300 759 1453 799 debent.
1514 760 1587 800 Eas

165 826 353 866 lectiones
384 825 567 866 editionis
590 826 846 866 Iensonianae
878 840 948 866 cur
978 840 1056 866 non
1079 827 1290 868 Cratander
1312 835 1350 868 et
1371 829 1586 869 Lambinus

165 895 246 935 suis
267 895 466 935 codicibus
502 895 650 935 collatis
687 897 931 942 confirment,
966 909 1083 949 supra
1105 910 1142 949 p.
1168 898 1190 935 7
1224 897 1428 949 explicavi3
1459 911 1586 949 neque

166 964 271 1004 enim
304 971 453 1004 veteres
475 964 659 1017 philologi
690 977 745 1011 ea,
776 978 851 1016 que
882 971 985 1006 recta
1017 979 1101 1006 esse
1121 966 1365 1016 videbantur,
1398 980 1485 1007 cum
1519 981 1587 1008 co-

167 1034 317 1074 dicibus
349 1035 526 1073 conferre
557 1034 744 1074 solebant.

280 1103 348 1143 His
379 1103 498 1155 igitur
528 1102 622 1142 locis
654 1103 669 1142 Ι
700 1103 838 1143 melior
869 1110 930 1144 est
959 1117 1075 1156 quam
1109 1104 1157 1142 M.

280 1172 294 1210 Ι
320 1171 382 1220 13,
406 1171 431 1210 2
461 1171 520 1211 nil
539 1179 685 1212 metuas
713 1173 810 1213 mali
827 1172 862 1212 1:
893 1173 990 1213 nibil
1018 1186 1143 1226 speres
1172 1176 1268 1215 mali
1285 1175 1334 1214 M.
1357 1199 1411 1203 -—
1433 1176 1448 1215 Ι
1471 1176 1537 1225 20,
1566 1177 1581 1215 l

170 1242 333 1295 officiose
356 1243 418 1292 [et]
437 1241 656 1281 humaniter
676 1241 712 1280 I:
745 1243 908 1295 officiose
935 1239 1019 1296 (et)
1044 1244 1261 1284 humaniter
1282 1245 1331 1284 M.
1353 1269 1407 1272 ——
1430 1245 1458 1284 V
1476 1245 1542 1293 20,
1562 1247 1584 1284 3

168 1307 372 1365 (interim)
407 1313 476 1351 scis
512 1313 611 1350 enim
640 1311 675 1349 I:
725 1312 898 1362 [interim]
937 1316 1010 1353 scis
1047 1316 1147 1353 enim
1177 1314 1225 1353 M.
1273 1338 1325 1342 ——
1372 1315 1419 1354 VI
1446 1317 1479 1362 1,
1504 1316 1526 1355 3
1559 1319 1589 1355 ii

164 1392 277 1420 suum
296 1379 330 1419 I:
363 1393 474 1420 usum
495 1380 544 1419 M.
567 1402 622 1408 —
643 1380 691 1419 VI
716 1381 750 1428 1,
778 1381 827 1420 13
863 1381 1013 1422 Caeteri
1030 1383 1231 1435 infirmant
1252 1383 1285 1422 I:
1319 1392 1483 1424 ceterum
1513 1386 1585 1437 sir-

164 1455 270 1489 mant
301 1448 349 1488 M.
381 1471 436 1476 —
467 1449 515 1488 VI
537 1448 574 1497 2,
599 1450 622 1488 5
654 1451 945 1490 inambulabam
978 1452 1080 1491 (lomi
1106 1452 1140 1490 I:
1178 1454 1453 1494 inambulando
1485 1456 1588 1495 (lomi

165 1518 214 1557 M.
259 1541 315 1546 —-
360 1518 467 1565 V17,
490 1517 514 1557 2
547 1525 580 1558 et
609 1521 642 1558 si
670 1521 802 1559 etesiae
832 1520 872 1558 l:
912 1528 945 1560 et
981 1523 1014 1560 si
1055 1528 1089 1560 et
1125 1525 1201 1561 asie
1233 1522 1281 1561 M.
1327 1545 1381 1550 —
1428 1523 1475 1562 VI
1499 1524 1535 1571 8,
1560 1524 1583 1562 2

167 1586 340 1628 Cassium
370 1587 471 1627 Trib.
501 1587 534 1626 P
562 1587 596 1626 I:
633 1587 786 1627 Cassius
816 1587 899 1627 PR.
924 1589 972 1628 M.
1006 1613 1060 1617 —
1088 1589 1154 1628 Vll
1179 1591 1241 1636 14,
1265 1590 1289 1629 2
1316 1596 1518 1643 provisum
1548 1594 1582 1632 1:

160 1656 359 1708 profiatum
387 1655 437 1695 M.
482 1678 539 1683 —
576 1655 640 1695 VII
665 1656 738 1703 18,
766 1658 782 1695 1
829 1659 954 1709 quoad
987 1658 1018 1697 1:
1067 1660 1164 1711 quosl
1196 1660 1244 1698 Μ.
1296 1686 1349 1691 —
1384 1662 1583 1710 V1118‚4

164 1727 310 1777 eoeiyere
332 1724 364 1763 I:
398 1727 504 1764 eoeire
526 1725 576 1764 M.
608 1747 662 1753 -
694 1725 777 1765 VIII
803 1726 837 1773 1,
862 1725 885 1764 3
919 1739 942 1765 a
974 1727 1077 1767 bonis
1107 1728 1141 1767 I:
1176 1730 1221 1768 ab
1254 1731 1428 1771 omnibus
1450 1731 1497 1770 M.
1530 1755 1584 1761 Ἥ

164 1793 247 1832 VIII
269 1794 306 1841 4,
328 1795 346 1832 1
381 1797 522 1834 arcessi
542 1792 669 1849 (non)
695 1794 734 1833 1:
767 1798 908 1834 arcessi
929 1796 1028 1846 [non]
1054 1796 1102 1835 M.
1127 1820 1180 1825 —
1203 1798 1287 1837 VIII
1310 1800 1347 1846 8,
1369 1801 1387 1838 1
1421 1809 1586 1851 pararat

98 1857 101 1865 .
164 1861 200 1900 1:
227 1869 343 1914 parat
371 1862 421 1902 M.
453 1887 507 1890 -—
539 1863 621 1903 VIII
643 1865 680 1911 9,
703 1863 728 1902 2
762 1876 806 1903 η8
836 1876 899 1916 890
930 1865 966 1904 Ι;
1006 1878 1072 1906 nec
1103 1879 1166 1918 890
1198 1867 1245 1906 M.
1278 1869 1448 1914 —rvlll
1474 1871 1536 1918 11,
1561 1872 1583 1909 7

165 1930 330 1983 Ma9ni'te
359 1931 393 1970 I:
425 1936 558 1985 magni
584 1940 618 1973 te
640 1933 694 1972 M:
726 1933 898 1985 inaquam
928 1947 1015 1974 vera
1048 1941 1108 1974 est
1137 1936 1264 1976 lectio.
1288 1960 1341 1966 -—
1364 1938 1446 1978 Vlll
1473 1940 1535 1986 15,
1563 1941 1580 1978 1

170 1997 356 2040 Vibullius
386 2000 420 2040 1:
453 2001 642 2042 Iubullius
671 2002 720 2041 M.
767 2027 821 2031 —
868 2002 949 2042 VIII
975 2004 1037 2052 16,
1061 2005 1085 2043 2
1118 2019 1201 2045 cum
1231 2009 1304 2058 ipsi
1330 2007 1361 2045 I:
1402 2021 1486 2047 cum
1516 2009 1585 2049 biis

165 2069 198 2106 si
225 2067 299 2106 Ml:
335 2067 464 2110 Cumis
492 2073 526 2111 si
552 2071 620 2110 M2.
658 2095 713 2100 —
751 2072 802 2111 IX
823 2074 861 2120 4,
888 2074 905 2112 1
942 2086 1026 2125 8980
1057 2075 1093 2113 I:
1135 2088 1198 2127 890
1229 2075 1278 2114 M.
1310 2099 1364 2104 —
1395 2077 1447 2116 IX
1470 2078 1536 2124 7a,
1564 2080 1577 2117 1

167 2136 350 2188 Pompeii:
394 2139 435 2178 id
471 2151 556 2179 eum
587 2140 619 2180 1:
662 2145 815 2194 pompei
850 2143 961 2183 deum
992 2143 1039 2182 Μ.
1086 2167 1139 2171 ——
1185 2144 1219 2183 X
1245 2145 1279 2193 1,
1303 2145 1326 2184 3
1359 2146 1515 2187 aliunde
1547 2148 1582 2187 1:

165 2206 339 2246 alicunde
370 2207 418 2246 Μ.
451 2231 503 2235 ——
536 2209 568 2249 X
587 2210 623 2257 4,
645 2212 691 2249 11
727 2214 909 2251 sermonis
939 2212 1099 2252 birtiani
1127 2214 1162 2252 1:
1194 2227 1382 2255 sermones
1411 2216 1588 2257 Lurtiani

166 2275 214 2314 M.
238 2299 290 2303 —
314 2276 345 2315 X
369 2275 439 2323 Sb,
466 2277 482 2314 1
519 2290 541 2316 a
572 2285 604 2318 te
632 2286 718 2330 peto
739 2280 772 2319 1:
805 2294 828 2320 a
858 2288 892 2321 te
909 2288 1003 2333 puto
1026 2282 1075 2321 M.
1101 2307 1150 2310 -—--
1176 2283 1207 2321 X
1233 2285 1295 2332 10,
1320 2286 1343 2323 4
1376 2299 1399 2325 a
1421 2285 1584 2326 Curione

166 2345 202 2384 1:
236 2357 377 2385 acuone
398 2345 447 2384 M.
470 2371 522 2375 —
548 2347 578 2385 X
605 2348 667 2395 11,
695 2349 712 2387 1
747 2358 837 2390 sunt
858 2363 902 2390 ea
923 2352 1069 2404 quidem
1091 2352 1123 2391 I:
1156 2361 1245 2392 sunt
1266 2355 1436 2405 equalem
1457 2355 1506 2394 M.
1529 2380 1581 2384 —-

166 2414 197 2453 X
223 2416 286 2462 17,
309 2416 331 2453 —l
370 2418 625 2468 imprimisque
656 2420 791 2471 „siquid
828 2419 860 2458 1:
914 2422 953 2459 in
988 2423 1121 2471 primis
1157 2424 1267 2472 quasi
1301 2425 1388 2475 quid
1433 2424 1482 2462 M.
1530 2449 1581 2453 ——

165 2483 217 2522 XI
239 2483 277 2531 2,
301 2484 325 2524 3
356 2492 397 2523 ut
428 2497 474 2523 ne
495 2498 568 2537 qua
588 2485 625 2524 1:
658 2493 699 2525 ut
720 2500 835 2539 neque
857 2489 905 2527 M.
928 2512 983 2516 m
1006 2490 1054 2528 XI
1078 2489 1142 2537 23,
1168 2492 1190 2527 3
1224 2491 1268 2530 ab
1300 2495 1378 2543 ipso
1401 2493 1432 2531 I:
1466 2493 1583 2533 abuso

166 2552 214 2591 M.
247 2577 299 2580 -—
330 2553 399 2593 XII
430 2555 460 2599 1,
485 2554 508 2591 2
542 2566 611 2606 quo
643 2556 701 2594 die
737 2556 766 2594 t:
799 2559 961 2609 quotidie
983 2558 1033 2597 M.
1065 2582 1118 2586 —-
1151 2559 1218 2597 Xll
1244 2560 1279 2606 7,
1308 2562 1322 2598 1
1358 2563 1520 2602 attulisti
1546 2563 1581 2601 1:

165 2621 353 2662 abstulisti
370 2622 419 2661 M.
452 2647 505 2650 —-
539 2623 603 2662 XII
629 2623 652 2663 8
684 2632 717 2663 et
748 2625 864 2666 Piliae
896 2627 929 2665 I:
973 2629 1100 2679 cepilie
1131 2629 1179 2667 M.
1222 2652 1275 2656 —
1307 2629 1516 2678 X1123‚3
1549 2640 1580 2672 et

167 2695 205 2727 tu
237 2690 270 2728 1:
303 2698 334 2730 et
366 2695 428 2731 cui
454 2692 500 2730 M.
609 2692 674 2731 XII
698 2693 762 2740 27,
787 2694 810 2731 2
843 2708 1047 2736 numorum
1070 2697 1101 2735 I:
1134 2711 1254 2737 ‘oileum
1275 2711 1422 2739 morum
1447 2700 1494 2739 Μ,
1528 2725 1580 2729 ——
