1821 3077
618 229 1033 270 *45—

115 351 157 391 L.
181 351 211 391 V
242 363 301 404 ep.
328 349 434 390 1—8
457 354 495 389 et
520 350 584 388 10.
645 349 686 387 L.
721 348 771 387 lX
793 361 851 400 ep.
875 347 986 386 2—4
1018 352 1056 386 et
1077 347 1102 386 6
1134 359 1153 386 a
1185 345 1314 385 verbis
1342 348 1364 394 ξ
1387 345 1412 384 4
1444 344 1537 386 Ante

113 420 295 460 sollicitus
325 419 370 459 ad
393 419 509 458 finem
535 418 719 470 epistolae
742 417 926 456 Caesaris.
988 417 1028 455 ln
1053 415 1306 467 inscriptione
1338 414 1537 466 sequentis

114 489 299 541 epistolae
331 488 451 528 codex
483 487 651 527 desinit.'

229 557 326 605 Nos,
364 557 467 608 quod
499 562 537 596 et
567 555 771 595 ENHOPR
804 553 997 607 pleniores
1037 559 1130 592 sunt
1161 552 1292 592 codice
1323 552 1538 592 Ravennati

115 628 275 679 eiusque
304 625 536 665 lectionibus
568 626 689 665 careri
721 637 835 676 posse
867 628 1026 675 apparet
1056 635 1184 673 neque
1212 622 1370 661 Bootius
1402 634 1539 661 omnes

115 697 198 735 eius
229 695 415 735 lectiones
437 695 573 741 adfert,
606 707 693 733 raro
725 699 839 745 atque
862 698 973 732 caute
1005 705 1050 731 eo
1073 692 1263 731 utendum
1297 690 1539 743 putavimus3

117 777 163 803 ex
192 764 252 811 iis,
292 777 390 816 quae
422 764 521 803 infra
553 763 854 816 disputabimus,
897 761 1142 812 intellegetur
1172 773 1262 800 eum
1296 759 1539 800 simillimum

116 845 201 872 esse
232 832 408 872 codicum
442 831 658 871 ENHOPR.

234 900 394 948 Omnes,
417 900 463 939 de
485 900 627 952 quibus
651 900 741 948 dixi,
765 900 915 940 codices
938 912 997 951 ep.
1022 899 1066 938 ad
1083 899 1159 938 Att.
1185 899 1197 937 l
1224 897 1286 946 18,
1308 898 1456 945 1-19,
1477 898 1540 943 11,

117 982 234 1021 quam
263 975 412 1022 partem
436 969 472 1008 M
503 969 661 1016 omittit,
695 969 837 1009 habent
870 976 919 1016 et,
951 968 1190 1020 quicumque
1222 966 1280 1017 (E,
1305 967 1350 1013 Ο,
1374 966 1418 1013 R,
1443 966 1483 1013 P,
1506 967 1542 1017 s)

118 1041 272 1075 sextum
297 1036 493 1077 decimum
515 1038 659 1078 librum
681 1039 896 1085 continent,
929 1038 976 1077 iis
1008 1037 1135 1077 verbis
1157 1049 1217 1088 ep.
1240 1036 1321 1075 XVl
1349 1036 1411 1083 16,
1444 1048 1543 1087 quae

118 1104 156 1143 in
189 1104 226 1143 M
257 1105 412 1153 desunt,
444 1119 523 1146 non
554 1114 699 1146 carent.

235 1175 391 1227 Inspexi
436 1182 635 1228 praeterea
684 1177 829 1215 multos
875 1175 1038 1222 codices,
1087 1174 1152 1226 qui
1199 1174 1237 1213 in
1283 1173 1367 1212 aliis
1414 1173 1543 1212 Italiae

122 1242 365 1283 bibliothecis
397 1251 506 1289 sunt;
554 1258 599 1284 ex
631 1245 774 1297 quibus
806 1244 936 1283 adfero
974 1243 1083 1283 codd.
1108 1243 1311 1282 Vaticanos
1348 1255 1386 1281 n.
1424 1242 1542 1289 1691,

125 1310 244 1357 1692,
267 1312 351 1351 cod.
371 1312 503 1352 Ottob.
527 1326 564 1352 n.
593 1313 711 1360 1413,
736 1314 846 1354 codd.
870 1313 1142 1365 Neapolitanos
1167 1312 1210 1351 lV
1229 1312 1257 1350 Β
1275 1311 1341 1358 34,
1365 1310 1411 1350 lV
1431 1311 1458 1349 Β
1476 1311 1542 1357 35,

122 1379 299 1427 1VB36‚
344 1382 455 1422 codd.
497 1382 686 1422 Mediceos
733 1382 830 1434 plut.
866 1381 1063 1421 XXXXlX
1095 1393 1132 1419 n.
1160 1379 1221 1427 19,
1255 1393 1293 1419 n.
1317 1380 1383 1428 20,
1416 1393 1453 1420 n.
1477 1380 1543 1427 21,

123 1461 160 1487 n.
183 1448 258 1496 22,
292 1463 330 1489 n.
355 1450 428 1497 23,
476 1451 573 1503 plut.
595 1451 716 1490 XXII!
765 1451 914 1490 sinistri
946 1463 984 1489 n.
1008 1450 1051 1496 2,
1094 1450 1177 1489 cod.
1221 1462 1267 1488 ex
1313 1449 1544 1488 bibliotheca

122 1517 317 1566 aedilium,
364 1519 430 1571 qui
476 1532 582 1559 nunc
626 1526 686 1559 est
727 1519 765 1558 in
800 1519 1075 1565 Laurentiana,
1122 1531 1159 1557 n.
1184 1517 1288 1565 217,
1336 1518 1419 1558 cod.
1454 1517 1544 1556 bibl.

123 1587 366 1627 Stroccianae
398 1601 435 1627 n.
459 1588 525 1635 43,
558 1588 641 1628 cod.
673 1589 762 1627 bibl.
786 1588 974 1628 Mediceae
1006 1587 1239 1627 Faesulanae
1274 1600 1310 1626 n.
1337 1586 1428 1633 186,
1462 1586 1544 1625 cod.

126 1655 215 1694 bibl.
239 1655 511 1696 Riccardianae
534 1670 572 1696 n.
596 1657 690 1704 500,
722 1658 807 1696 cod.
832 1656 1133 1703 Bononiensem,
1165 1655 1232 1707 qui
1253 1661 1313 1695 est
1343 1655 1382 1693 in
1406 1654 1545 1694 biblio-

126 1724 234 1763 theca
269 1725 554 1772 universitatis,
587 1739 623 1764 n.
647 1725 770 1773 2229,
802 1726 886 1765 cod.
917 1725 1144 1764 Cesenatem
1177 1725 1274 1776 plut.
1296 1723 1383 1762 XlX
1408 1725 1447 1761 1:
1481 1723 1546 1774 qui

125 1791 277 1831 codices
308 1806 445 1833 omnes
478 1794 664 1833 simillimi
699 1800 791 1833 sunt
823 1794 980 1833 Medicei
1028 1799 1066 1832 et
1111 1806 1141 1838 S,
1188 1798 1226 1831 et
1275 1799 1404 1831 tamen
1436 1792 1546 1830 codd.

128 1872 166 1899 n.
189 1860 270 1899 217
317 1874 362 1901 ex
409 1863 637 1902 bibliotheca
687 1863 868 1902 aedilium
916 1870 954 1902 et
984 1875 1022 1901 n.
1051 1861 1128 1900 186
1168 1874 1213 1900 ex
1260 1860 1549 1910 biblfMedicea

132 1929 341 1970 Faesulana
381 1944 458 1970 non
498 1931 644 1983 indigni
683 1944 767 1972 esse
806 1931 999 1977 videntur,
1042 1931 1109 1982 qui
1146 1930 1365 1970 accuratius
1401 1929 1550 1968 exami-

131 2004 285 2038 nentur.

247 2068 353 2115 Quae
371 2067 701 2120 sitpropinquitas
719 2081 853 2108 eorum
867 2081 966 2120 quos
984 2069 1223 2108 contulimus
1241 2067 1433 2114 codicum,
1452 2067 1551 2106 infra

132 2150 214 2190 cap.
240 2137 302 2176 Vll
334 2149 593 2188 exponemus,
640 2151 685 2177 ex
719 2138 777 2177 his
810 2151 900 2177 vero
931 2137 1164 2176 lectionibus
1195 2136 1446 2188 perspicuum
1481 2142 1551 2182 est,

133 2206 298 2244 arctiore
331 2205 498 2255 quodam
532 2206 686 2245 vinculo
718 2206 922 2245 ENHOPR
945 2207 1033 2245 Ant.
1063 2205 1092 2244 F
1116 2205 1206 2244 Rav.
1229 2223 1284 2239 =
1306 2206 1343 2244 Σ
1370 2205 1553 2255 coniungi

135 2287 262 2325 neque
292 2286 338 2312 ex
368 2273 504 2312 eodem
537 2282 696 2325 parente
728 2282 834 2314 ortos
867 2288 963 2322 esse,
995 2288 1039 2314 ex
1072 2288 1150 2325 quo
1182 2274 1217 2313 M
1236 2274 1288 2325 —ls-
1307 2287 1396 2313 s=
1415 2278 1452 2312 A
1475 2273 1554 2312 ori-

135 2343 262 2393 ginem
298 2348 511 2381 traxerunt.

251 2412 263 2449 l
286 2410 323 2458 2,
348 2411 370 2448 2
395 2410 576 2450 Ianuario
596 2413 746 2450 ineunte
768 2411 870 2462 E*);
903 2411 1087 2451 Ianuario
1113 2417 1265 2450 meante
1287 2409 1399 2448 Rav.:
1434 2409 1554 2448 Ismu-

137 2482 220 2520 ario
248 2491 376 2519 ‘mense
410 2484 461 2518 A.
495 2504 546 2508 -—
582 2480 654 2526 13,
678 2480 701 2517 3
734 2480 798 2519 hoc
831 2478 926 2532 <eo>
960 2481 1010 2519 ad
1041 2487 1072 2520 ee
1094 2481 1140 2525 Σ,
1173 2479 1281 2518 Rav.:
1314 2479 1379 2517 hoc
1411 2478 1474 2527 [eo]
1508 2478 1557 2517 acl

137 2555 171 2588 te
196 2552 247 2587 A.
287 2571 328 2575 -—
367 2548 379 2586 l
404 2549 441 2594 5,
464 2548 487 2585 4
521 2549 620 2586 (luwz'
646 2547 852 2587 rescribere
874 2550 911 2587 Σ
930 2554 964 2597 (-
976 2548 1033 2597 Ε),
1066 2548 1170 2594 113ν.,
1203 2547 1374 2599 plerique
1405 2546 1557 2585 codices

230 2660 260 2700 ²⁶)
285 2662 321 2692 Σ
343 2665 395 2692 est
427 2670 609 2691 consensus
641 2660 791 2691 codicum
819 2659 965 2691 ENHOP
1000 2661 1074 2692 inde
1109 2660 1148 2691 ab
1177 2658 1186 2690 1
1222 2669 1324 2700 usque
1351 2658 1390 2690 ud
1420 2657 1476 2691 Vll
1496 2658 1557 2697 213

142 2714 337 2756 ubicumque
364 2713 389 2745 Ε
416 2714 470 2746 vel
499 2714 523 2745 ll
554 2714 606 2745 vel
635 2712 659 2744 N
697 2713 751 2745 vel
779 2713 800 2744 Ρ
828 2714 953 2754 delicit,
990 2724 1062 2746 eum
1088 2714 1236 2745 codicem
1263 2713 1424 2744 cancellis
1451 2712 1558 2743 inclu-

143 2769 245 2800 simus
273 2768 386 2800 addito
414 2780 473 2808 —;
502 2768 597 2799 leves
624 2768 870 2810 discrepantias
899 2779 936 2800 ne
963 2769 1024 2799 hoc
1050 2769 1182 2811 quidem
1209 2768 1282 2799 loco
1308 2777 1473 2799 curamus.
