1821 3077
544 123 988 164 —107—

57 246 236 283 &iturum
264 242 492 282 coniecerat.
531 266 544 268 —
601 241 683 279 xvl
707 242 742 283 5
767 241 789 279 3
821 240 935 291 ‘Lego
964 254 1007 279 ex
1030 241 1259 281 Cruselliuo,
1294 247 1332 279 ut
1360 240 1473 278 Lam-

60 312 173 350 binus
206 309 438 357 emendavit,
472 309 504 348 0
526 309 602 349 (lies
622 313 660 348 in
682 312 858 362 auspiciis
881 309 1009 361 lepidi
1028 309 1145 361 lepide
1168 309 1398 361 descriptos&
1422 333 1475 336 ᾖ

62 380 142 418 xvi
165 379 203 429 2,
231 381 243 418 l
272 379 506 430 ‘Legeudum
532 392 575 417 ex
600 379 828 426 CrusellinO,
857 380 1015 418 alteram
1039 391 1061 417 a
1084 378 1231 424 Bruti’3
1264 378 1475 416 Lambinus

61 449 96 488 iu
131 448 258 500 priore
289 447 456 487 editione
494 444 567 500 (a)
603 447 832 486 inseruerat.
880 471 931 475 -—
977 447 1043 486 XV
1066 447 1131 494 26,
1156 448 1180 485 4
1223 446 1313 486 ‘Nos
1346 460 1473 486 veram

58 517 262 556 lectionem
297 516 451 568 sequuti
484 529 633 563 sumus,
671 530 785 568 quam
819 517 868 555 ita
901 530 920 555 e
953 516 1168 555 Crusellino
1200 518 1475 568 expressimus,

60 586 109 625 M.
142 586 288 626 Aelium
327 599 422 625 cura
453 586 647 625 liberabis:
694 588 724 625 is
754 599 809 625 me
838 598 977 638 paucos
1007 599 1135 637 specus
1166 585 1270 629 etc.';
1318 585 1474 624 Bosium

59 655 280 695 coniectura
313 655 469 694 Corradi
507 661 545 693 et
576 655 753 693 Lambini
786 668 901 694 usum
933 668 1017 694 esse
1049 661 1221 707 apparet.
1251 678 1303 682 —
1335 654 1400 693 XV
1424 654 1474 692 24

61 723 358 762 ‘Tornaesianus
380 722 512 770 HNIS,
546 723 648 762 unde
672 723 882 763 Lambinus
914 724 1079 764 coniecit
1109 723 1316 775 legendum
1342 720 1388 760 H.
1414 722 1476 768 II.,

61 793 96 830 id
129 798 199 839 est,
231 792 324 831 hora
357 792 538 831 secunda.
572 792 638 830 sed
670 792 816 843 liquido
849 799 1045 832 exaratum
1080 799 1161 831 erat
1191 792 1230 830 in
1263 791 1477 830 Crusellino
1506 787 1510 791 ’

61 860 106 900 ΙΙ.
128 859 232 907 ΙΙΙΙ.,
265 860 338 899 hoc
367 868 437 906 est,
470 860 563 899 hora
586 867 734 911 quarta.
768 874 883 912 quam
916 861 1121 901 lectionem
1156 862 1299 900 referre
1322 874 1477 912 quoque

63 928 214 967 videtur
244 928 544 975 Tornaesianus,
584 929 616 968 si
648 931 807 981 propius
840 937 878 969 et
908 931 1094 970 attentius
1126 930 1210 969 eius
1243 930 1476 982 scripturam

62 997 237 1050 spectes'.
286 1022 339 1025 —
384 997 449 1036 XV
476 998 582 1039 19,1
625 998 678 1036 ‘lu
719 999 935 1038 Crusellino
977 1006 1057 1038 erat
1093 999 1328 1038 ANIKTON.
1378 999 1479 1038 unde

62 1066 226 1105 iudicavi
270 1072 415 1105 certam
463 1079 547 1105 esse
594 1067 857 1107 coniecturam
907 1068 1160 1107 eruditissimi
1209 1068 1278 1106 viri
1322 1067 1478 1106 Henrici

64 1135 250 1187 Stephani
295 1135 357 1174 hic
401 1135 605 1186 legendum
654 1137 913 1176 existimantis
960 1134 1173 1177 ἀνυστόν’.
1208 1159 1259 1165 —-
1291 1136 1356 1174 XV
1384 1136 1476 1175 181

64 1204 376 1249 ‘Tornaesianus‚
423 1211 456 1244 et
485 1207 525 1244 in
557 1205 695 1245 lacuna
725 1207 941 1258 viyz'larem:
990 1206 1240 1252 Crusellinus,
1287 1213 1321 1245 ec
1360 1208 1399 1244 in
1438 1218 1479 1243 ea

63 1286 161 1313 cuna
191 1275 403 1325 vz'yz'larem:
435 1274 604 1325 reposui,
636 1282 670 1314 et
698 1278 738 1314 in
765 1288 806 1314 ea
830 1288 925 1315 cura
947 1275 1153 1327 vigilarem.
1186 1288 1260 1326 qua
1283 1274 1321 1312 in
1345 1286 1480 1312 emen—

64 1342 217 1381 datione
249 1343 396 1393 gaudeo
428 1343 522 1381 mihi
554 1343 761 1382 convenire
793 1357 880 1383 cum
915 1344 1067 1383 erudito
1100 1350 1137 1382 et
1164 1343 1375 1395 perspicaci
1401 1342 1481 1381 viro

66 1412 170 1450 Iusto
202 1411 356 1464 Lipsio⁷.

177 1479 334 1519 Talibus
365 1479 596 1520 lectionibus
627 1494 672 1520 ex
701 1482 916 1521 Crusellino
948 1490 986 1522 et
1014 1482 1220 1521 Decurtato
1253 1493 1340 1520 cum
1376 1486 1480 1519 totus

68 1548 168 1586 Bosii
198 1548 349 1587 libellus
381 1550 545 1587 refertus
578 1550 644 1596 sit,
691 1551 822 1590 nullus
854 1551 929 1589 nisi
963 1563 1022 1589 me
1055 1550 1149 1589 fallit
1180 1550 1288 1589 locus
1320 1556 1395 1596 est,
1444 1550 1480 1587 in

65 1630 142 1668 quo
175 1617 312 1656 Bosius
350 1617 549 1668 scripserit
587 1618 884 1658 ‘Tornaesianus
922 1620 1083 1658 eandem
1116 1619 1321 1658 lectionem
1354 1617 1479 1661 habet,

65 1698 179 1737 quam
213 1685 420 1738 Malaspina
454 1687 528 1732 (vel
560 1688 751 1726 Corradus
794 1688 852 1726 vel
884 1688 1079 1727 Manutius
1121 1688 1177 1726 vel
1211 1686 1392 1737 Sigonius
1425 1687 1482 1725 vel

68 1754 235 1806 Lipsius)
269 1755 489 1794 coniectura
531 1756 730 1808 repperit':
778 1756 880 1795 unde
921 1769 992 1795 nos
1034 1762 1135 1795 recte
1176 1757 1327 1795 efficere
1368 1762 1482 1807 puta-

70 1836 166 1871 mus,
207 1823 364 1863 Bosium
404 1825 443 1863 in
483 1825 677 1876 plerisque
715 1824 807 1863 locis
845 1831 959 1875 atque
991 1824 1221 1863 lectionibus
1260 1825 1305 1863 de
1338 1824 1363 1862 Z
1403 1836 1480 1862 nou

69 1892 239 1931 mentiri.
1279 1871 1312 1903 s

181 1961 340 2008 Deinde,
386 1968 430 2001 ut
476 1963 577 2002 Bosii
623 1962 939 2002 adu‹1›tationibus
986 1975 1030 2000 ex
1078 1962 1103 2000 Z
1150 1962 1344 2014 plerisque
1390 1961 1483 2000 locis

70 2030 181 2069 tidem
215 2030 430 2069 habendam
465 2044 549 2070 esse
581 2031 812 2070 existimem.
862 2031 954 2069 baec
986 2044 1045 2070 res
1078 2031 1180 2078 facit,
1226 2032 1328 2082 quod
1372 2044 1483 2082 saepe

73 2098 225 2138 llosium
259 2098 503 2139 incredibiles
535 2101 720 2152 quasdam
754 2107 868 2151 atque
900 2100 1013 2139 etiam
1048 2101 1203 2139 insanas
1225 2100 1410 2139 lectioni-s
1438 2113 1483 2138 ex

71 2167 276 2206 Decurtato
308 2174 344 2206 et
373 2169 586 2208 Crusellino
619 2170 768 2208 adt'erre
798 2169 918 2215 video,
954 2177 995 2208 ut
1026 2170 1107 2221 ipse
1138 2170 1227 2208 inde
1260 2169 1484 2207 conicieudo

69 2236 317 2288 impudenter
338 2236 541 2277 lectionem
566 2239 718 2285 efficiat,
741 2238 905 2277 eunden]
931 2251 1016 2277 raro
1040 2240 1097 2277 vel
1119 2251 1311 2290 nusquam
1331 2238 1484 2276 'l'urue-

69 2306 176 2345 siano
208 2305 339 2344 codice
369 2305 415 2344 ad
448 2319 530 2345 eam
559 2320 644 2346 rem
675 2307 780 2346 abuti
810 2315 920 2359 puto:
956 2308 993 2345 iu
1028 2307 1072 2346 iis
1103 2307 1204 2346 enim
1240 2307 1482 2351 coniecturis,

70 2387 165 2426 quas
199 2387 239 2413 se
272 2374 425 2413 haurire
456 2388 500 2414 ex
533 2376 735 2415 Crusellini
769 2377 824 2415 vel
858 2375 1051 2415 Decurtati
1083 2376 1314 2415 lectionibus
1348 2376 1483 2414 Rosius

70 2443 266 2489 adfirmat,
308 2443 450 2481 multae
482 2451 575 2483 sunt
605 2458 692 2483 cum
727 2445 908 2484 audacter
941 2445 1174 2496 excogitatae
1209 2451 1288 2482 tum
1324 2444 1485 2482 minime

71 2517 195 2550 rectae
233 2517 348 2562 atque
380 2511 518 2558 bonae;
565 2512 602 2551 in
636 2513 681 2551 iis
715 2526 803 2552 vero
835 2514 1084 2559 coniecturis,
1132 2526 1227 2564 quas
1262 2512 1397 2551 Rosius
1439 2525 1483 2550 cx

72 2579 96 2617 Z
129 2592 169 2618 se
191 2579 345 2618 haurire
368 2580 512 2627 scribit,
546 2582 764 2632 complures
797 2589 889 2621 suut
921 2582 1100 2635 optimae,
1133 2594 1346 2633 perpaucae
1368 2581 1485 2620 falsae

73 2661 197 2700 neque
244 2661 333 2687 vero
381 2656 455 2687 tam
506 2650 620 2688 falsae
669 2657 791 2689 tamve
840 2651 1086 2703 impudenter
1131 2649 1383 2700 excogitatae,
1442 2656 1484 2688 ut
