<?xml version="1.0" encoding="UTF-8"?>
<!DOCTYPE html PUBLIC "-//W3C//DTD XHTML 1.0 Transitional//EN"
    "http://www.w3.org/TR/xhtml1/DTD/xhtml1-transitional.dtd">
<html xmlns="http://www.w3.org/1999/xhtml" xml:lang="en" lang="en">
 <head>
  <title>
</title>
<meta http-equiv="Content-Type" content="text/html;charset=utf-8" />
  <meta name='ocr-system' content='tesseract 3.04.00' />
  <meta name='ocr-capabilities' content='ocr_page ocr_carea ocr_par ocr_line ocrx_word'/>
</head>
<body>
  <div class='ocr_page' id='page_1' title='image "./deciceronisadatt00lehmuoft_0123.png"; bbox 0 0 1821 3077; ppageno 0'>
   <div class='ocr_carea' id='block_1_1' title="bbox 560 149 1012 190">
    <p class='ocr_par' dir='ltr' id='par_1_1' title="bbox 560 149 1012 190">
     <span class='ocr_line' id='line_1_1' title="bbox 560 149 1012 190; baseline -0.004 0"><span class='ocrx_word' id='word_1_1' title='bbox 560 173 677 178; x_wconf 92' lang='lat'>—</span> <span class='ocrx_word' id='word_1_2' title='bbox 750 149 1012 190; x_wconf 80' lang='lat'>113-—</span> 
     </span>
    </p>
   </div>
   <div class='ocr_carea' id='block_1_2' title="bbox 76 266 1512 2671">
    <p class='ocr_par' dir='ltr' id='par_1_2' title="bbox 76 266 1500 528">
     <span class='ocr_line' id='line_1_2' title="bbox 80 266 1499 320; baseline -0.004 -10"><span class='ocrx_word' id='word_1_3' title='bbox 80 270 147 310; x_wconf 83' lang='lat' dir='ltr'><strong>His</strong></span> <span class='ocrx_word' id='word_1_4' title='bbox 192 270 230 309; x_wconf 89' lang='lat' dir='ltr'><strong>in</strong></span> <span class='ocrx_word' id='word_1_5' title='bbox 279 269 403 317; x_wconf 81' lang='lat' dir='ltr'><strong>notis,</strong></span> <span class='ocrx_word' id='word_1_6' title='bbox 449 281 545 320; x_wconf 87' lang='lat' dir='ltr'><strong>quas</strong></span> <span class='ocrx_word' id='word_1_7' title='bbox 594 268 777 307; x_wconf 79' lang='lat' dir='ltr'><strong>Graevius</strong></span> <span class='ocrx_word' id='word_1_8' title='bbox 822 268 862 306; x_wconf 89' lang='lat' dir='ltr'><strong>in</strong></span> <span class='ocrx_word' id='word_1_9' title='bbox 908 266 1094 306; x_wconf 78' lang='lat' dir='ltr'>addendis</span> <span class='ocrx_word' id='word_1_10' title='bbox 1141 266 1347 319; x_wconf 75' lang='lat' dir='ltr'>posteriori</span> <span class='ocrx_word' id='word_1_11' title='bbox 1394 273 1499 306; x_wconf 91' lang='lat' dir='ltr'><strong>tomo</strong></span> 
     </span>
     <span class='ocr_line' id='line_1_3' title="bbox 77 334 1500 386; baseline -0.003 -8"><span class='ocrx_word' id='word_1_12' title='bbox 77 339 252 386; x_wconf 89' lang='lat' dir='ltr'><strong>subiecit,</strong></span> <span class='ocrx_word' id='word_1_13' title='bbox 299 338 437 377; x_wconf 85' lang='lat' dir='ltr'><strong>Rosius</strong></span> <span class='ocrx_word' id='word_1_14' title='bbox 481 345 521 376; x_wconf 91' lang='lat' dir='ltr'><strong>et</strong></span> <span class='ocrx_word' id='word_1_15' title='bbox 566 350 684 376; x_wconf 91' lang='lat' dir='ltr'><strong>novas</strong></span> <span class='ocrx_word' id='word_1_16' title='bbox 730 336 975 376; x_wconf 86' lang='lat' dir='ltr'><strong>coniecturas</strong></span> <span class='ocrx_word' id='word_1_17' title='bbox 1020 335 1146 375; x_wconf 79' lang='lat' dir='ltr'><strong>adfert</strong></span> <span class='ocrx_word' id='word_1_18' title='bbox 1190 340 1228 375; x_wconf 89' lang='lat' dir='ltr'><strong>et</strong></span> <span class='ocrx_word' id='word_1_19' title='bbox 1268 347 1420 375; x_wconf 88' lang='lat' dir='ltr'><strong>errores</strong></span> <span class='ocrx_word' id='word_1_20' title='bbox 1460 334 1500 374; x_wconf 90' lang='lat' dir='ltr'><strong>in</strong></span> 
     </span>
     <span class='ocr_line' id='line_1_4' title="bbox 76 404 1500 457; baseline -0.002 -11"><span class='ocrx_word' id='word_1_21' title='bbox 76 407 245 447; x_wconf 77' lang='lat' dir='ltr'>editione</span> <span class='ocrx_word' id='word_1_22' title='bbox 276 406 507 446; x_wconf 88' lang='lat' dir='ltr'><strong>commissos</strong></span> <span class='ocrx_word' id='word_1_23' title='bbox 539 406 699 457; x_wconf 83' lang='lat' dir='ltr'><strong>corrigit</strong></span> <span class='ocrx_word' id='word_1_24' title='bbox 730 412 767 445; x_wconf 90' lang='lat' dir='ltr'><strong>et</strong></span> <span class='ocrx_word' id='word_1_25' title='bbox 797 405 982 445; x_wconf 89' lang='lat' dir='ltr'><strong>lectiones</strong></span> <span class='ocrx_word' id='word_1_26' title='bbox 1016 417 1063 444; x_wconf 85' lang='lat' dir='ltr'><strong>ex</strong></span> <span class='ocrx_word' id='word_1_27' title='bbox 1092 404 1133 443; x_wconf 89' lang='lat' dir='ltr'><strong>V.</strong></span> <span class='ocrx_word' id='word_1_28' title='bbox 1157 404 1195 444; x_wconf 86' lang='lat' dir='ltr'><strong>C.</strong></span> <span class='ocrx_word' id='word_1_29' title='bbox 1228 405 1366 453; x_wconf 83' lang='lat' dir='ltr'><strong>adfert,</strong></span> <span class='ocrx_word' id='word_1_30' title='bbox 1397 404 1500 444; x_wconf 85' lang='lat' dir='ltr'><strong>Tur-</strong></span> 
     </span>
     <span class='ocr_line' id='line_1_5' title="bbox 78 475 776 528; baseline -0.004 -12"><span class='ocrx_word' id='word_1_31' title='bbox 78 477 280 516; x_wconf 89' lang='lat' dir='ltr'><strong>nesianum</strong></span> <span class='ocrx_word' id='word_1_32' title='bbox 313 475 443 528; x_wconf 89' lang='lat' dir='ltr'><strong>ipsum</strong></span> <span class='ocrx_word' id='word_1_33' title='bbox 476 487 554 514; x_wconf 92' lang='lat' dir='ltr'><strong>non</strong></span> <span class='ocrx_word' id='word_1_34' title='bbox 586 475 776 514; x_wconf 86' lang='lat' dir='ltr'><strong>nominat.</strong></span> 
     </span>
    </p>

    <p class='ocr_par' dir='ltr' id='par_1_3' title="bbox 78 541 1511 2535">
     <span class='ocr_line' id='line_1_6' title="bbox 192 541 1501 597; baseline -0.003 -13"><span class='ocrx_word' id='word_1_35' title='bbox 192 546 260 597; x_wconf 90' lang='lat'><strong>10)</strong></span> <span class='ocrx_word' id='word_1_36' title='bbox 293 544 332 584; x_wconf 93' lang='lat' dir='ltr'><strong>V.</strong></span> <span class='ocrx_word' id='word_1_37' title='bbox 355 544 395 584; x_wconf 88' lang='lat' dir='ltr'><strong>C.</strong></span> <span class='ocrx_word' id='word_1_38' title='bbox 419 543 553 583; x_wconf 84' lang='lat' dir='ltr'><strong>Pitb.2.</strong></span> <span class='ocrx_word' id='word_1_39' title='bbox 602 544 777 595; x_wconf 81' lang='lat' dir='ltr'>Magnam</span> <span class='ocrx_word' id='word_1_40' title='bbox 801 543 912 584; x_wconf 90' lang='lat' dir='ltr'><strong>nobis</strong></span> <span class='ocrx_word' id='word_1_41' title='bbox 936 542 1267 597; x_wconf 79' lang='lat' dir='ltr'><strong>exspectationem</strong></span> <span class='ocrx_word' id='word_1_42' title='bbox 1291 541 1501 581; x_wconf 90' lang='lat' dir='ltr'><strong>movebant</strong></span> 
     </span>
     <span class='ocr_line' id='line_1_7' title="bbox 79 610 1500 666; baseline -0.002 -13"><span class='ocrx_word' id='word_1_43' title='bbox 79 627 139 661; x_wconf 82' lang='lat' dir='ltr'><strong>ea,</strong></span> <span class='ocrx_word' id='word_1_44' title='bbox 184 626 283 665; x_wconf 90' lang='lat' dir='ltr'><strong>quae</strong></span> <span class='ocrx_word' id='word_1_45' title='bbox 314 613 499 653; x_wconf 84' lang='lat' dir='ltr'><strong>Graevius</strong></span> <span class='ocrx_word' id='word_1_46' title='bbox 544 613 583 651; x_wconf 93' lang='lat' dir='ltr'><strong>in</strong></span> <span class='ocrx_word' id='word_1_47' title='bbox 631 616 750 665; x_wconf 82' lang='lat' dir='ltr'><strong>praes.</strong></span> <span class='ocrx_word' id='word_1_48' title='bbox 789 613 963 666; x_wconf 84' lang='lat' dir='ltr'><strong>scripsit:</strong></span> <span class='ocrx_word' id='word_1_49' title='bbox 1009 612 1236 652; x_wconf 89' lang='lat' dir='ltr'><strong>‘Bernhardi</strong></span> <span class='ocrx_word' id='word_1_50' title='bbox 1281 610 1500 651; x_wconf 78' lang='lat' dir='ltr'><strong>liberalitati</strong></span> 
     </span>
     <span class='ocr_line' id='line_1_8' title="bbox 79 679 1502 735; baseline -0.002 -13"><span class='ocrx_word' id='word_1_51' title='bbox 79 683 200 722; x_wconf 86' lang='lat' dir='ltr'><strong>debeo</strong></span> <span class='ocrx_word' id='word_1_52' title='bbox 244 688 398 735; x_wconf 88' lang='lat' dir='ltr'><strong>praeter</strong></span> <span class='ocrx_word' id='word_1_53' title='bbox 444 683 537 722; x_wconf 90' lang='lat' dir='ltr'><strong>haec</strong></span> <span class='ocrx_word' id='word_1_54' title='bbox 587 682 798 722; x_wconf 81' lang='lat' dir='ltr'><strong>editionem</strong></span> <span class='ocrx_word' id='word_1_55' title='bbox 847 682 1026 722; x_wconf 85' lang='lat' dir='ltr'><strong>Lambini</strong></span> <span class='ocrx_word' id='word_1_56' title='bbox 1079 681 1256 722; x_wconf 92' lang='lat' dir='ltr'><strong>omnium</strong></span> <span class='ocrx_word' id='word_1_57' title='bbox 1304 679 1502 720; x_wconf 88' lang='lat' dir='ltr'><strong>Ciceronis</strong></span> 
     </span>
     <span class='ocr_line' id='line_1_9' title="bbox 80 749 1504 804; baseline -0.002 -13"><span class='ocrx_word' id='word_1_58' title='bbox 80 764 242 804; x_wconf 87' lang='lat' dir='ltr'><strong>operum</strong></span> <span class='ocrx_word' id='word_1_59' title='bbox 273 753 656 803; x_wconf 78' lang='lat' dir='ltr'><strong>Argentoratensem,</strong></span> <span class='ocrx_word' id='word_1_60' title='bbox 704 765 819 804; x_wconf 75' lang='lat' dir='ltr'><strong>quani</strong></span> <span class='ocrx_word' id='word_1_61' title='bbox 863 764 951 791; x_wconf 92' lang='lat' dir='ltr'><strong>cum</strong></span> <span class='ocrx_word' id='word_1_62' title='bbox 991 751 1111 791; x_wconf 86' lang='lat' dir='ltr'><strong>veteri</strong></span> <span class='ocrx_word' id='word_1_63' title='bbox 1141 750 1273 791; x_wconf 89' lang='lat' dir='ltr'><strong>codice</strong></span> <span class='ocrx_word' id='word_1_64' title='bbox 1305 749 1504 790; x_wconf 86' lang='lat' dir='ltr'><strong>commisit</strong></span> 
     </span>
     <span class='ocr_line' id='line_1_10' title="bbox 78 818 1504 873; baseline -0.001 -13"><span class='ocrx_word' id='word_1_65' title='bbox 78 818 100 860; x_wconf 85' lang='grc' dir='ltr'>ὁ</span> <span class='ocrx_word' id='word_1_66' title='bbox 151 818 270 860; x_wconf 81' lang='grc' dir='ltr'>πάνυ</span> <span class='ocrx_word' id='word_1_67' title='bbox 320 821 460 861; x_wconf 86' lang='lat' dir='ltr'><strong>Petrus</strong></span> <span class='ocrx_word' id='word_1_68' title='bbox 511 820 717 869; x_wconf 81' lang='lat' dir='ltr'><strong>Pithaeus’,</strong></span> <span class='ocrx_word' id='word_1_69' title='bbox 769 834 894 873; x_wconf 90' lang='lat' dir='ltr'><strong>neque</strong></span> <span class='ocrx_word' id='word_1_70' title='bbox 945 832 1035 859; x_wconf 90' lang='lat' dir='ltr'><strong>vero</strong></span> <span class='ocrx_word' id='word_1_71' title='bbox 1085 819 1124 859; x_wconf 91' lang='lat' dir='ltr'><strong>in</strong></span> <span class='ocrx_word' id='word_1_72' title='bbox 1175 820 1301 872; x_wconf 89' lang='lat' dir='ltr'><strong>ipsius</strong></span> <span class='ocrx_word' id='word_1_73' title='bbox 1353 819 1504 858; x_wconf 87' lang='lat' dir='ltr'><strong>Graevii</strong></span> 
     </span>
     <span class='ocr_line' id='line_1_11' title="bbox 78 887 1504 929; baseline -0.001 0"><span class='ocrx_word' id='word_1_74' title='bbox 78 889 260 929; x_wconf 88' lang='lat' dir='ltr'><strong>editionis</strong></span> <span class='ocrx_word' id='word_1_75' title='bbox 302 890 404 929; x_wconf 89' lang='lat' dir='ltr'><strong>notis</strong></span> <span class='ocrx_word' id='word_1_76' title='bbox 446 897 513 929; x_wconf 87' lang='lat' dir='ltr'><strong>aut</strong></span> <span class='ocrx_word' id='word_1_77' title='bbox 553 890 666 929; x_wconf 86' lang='lat' dir='ltr'><strong>variis</strong></span> <span class='ocrx_word' id='word_1_78' title='bbox 704 889 935 929; x_wconf 89' lang='lat' dir='ltr'><strong>lectionibus</strong></span> <span class='ocrx_word' id='word_1_79' title='bbox 967 895 1035 929; x_wconf 88' lang='lat' dir='ltr'><strong>aut</strong></span> <span class='ocrx_word' id='word_1_80' title='bbox 1065 888 1252 928; x_wconf 88' lang='lat' dir='ltr'><strong>addendis</strong></span> <span class='ocrx_word' id='word_1_81' title='bbox 1290 901 1309 927; x_wconf 91' lang='lat' dir='ltr'><strong>a</strong></span> <span class='ocrx_word' id='word_1_82' title='bbox 1342 887 1504 928; x_wconf 86' lang='lat' dir='ltr'><strong>Graevio</strong></span> 
     </span>
     <span class='ocr_line' id='line_1_12' title="bbox 79 957 1504 1011; baseline -0.001 -13"><span class='ocrx_word' id='word_1_83' title='bbox 79 960 243 998; x_wconf 87' lang='lat' dir='ltr'><strong>certiora</strong></span> <span class='ocrx_word' id='word_1_84' title='bbox 294 959 483 1011; x_wconf 85' lang='lat' dir='ltr'><strong>quaedam</strong></span> <span class='ocrx_word' id='word_1_85' title='bbox 532 972 577 999; x_wconf 86' lang='lat' dir='ltr'><strong>ex</strong></span> <span class='ocrx_word' id='word_1_86' title='bbox 623 972 668 998; x_wconf 91' lang='lat' dir='ltr'><strong>eo</strong></span> <span class='ocrx_word' id='word_1_87' title='bbox 713 959 813 999; x_wconf 92' lang='lat' dir='ltr'><strong>libro</strong></span> <span class='ocrx_word' id='word_1_88' title='bbox 860 959 970 998; x_wconf 90' lang='lat' dir='ltr'><strong>allata</strong></span> <span class='ocrx_word' id='word_1_89' title='bbox 1017 971 1102 998; x_wconf 92' lang='lat' dir='ltr'><strong>esse</strong></span> <span class='ocrx_word' id='word_1_90' title='bbox 1147 958 1338 997; x_wconf 86' lang='lat' dir='ltr'><strong>videbam.</strong></span> <span class='ocrx_word' id='word_1_91' title='bbox 1406 957 1504 997; x_wconf 88' lang='lat' dir='ltr'><strong>Cum</strong></span> 
     </span>
     <span class='ocr_line' id='line_1_13' title="bbox 82 1025 1505 1074; baseline -0.001 -7"><span class='ocrx_word' id='word_1_92' title='bbox 82 1028 329 1067; x_wconf 88' lang='lat' dir='ltr'><strong>Bernhardus</strong></span> <span class='ocrx_word' id='word_1_93' title='bbox 360 1028 437 1074; x_wconf 78' lang='lat' dir='ltr'><strong>itte,</strong></span> <span class='ocrx_word' id='word_1_94' title='bbox 484 1029 544 1067; x_wconf 79' lang='lat' dir='ltr'><strong>cui</strong></span> <span class='ocrx_word' id='word_1_95' title='bbox 579 1041 619 1068; x_wconf 85' lang='lat' dir='ltr'><strong>se</strong></span> <span class='ocrx_word' id='word_1_96' title='bbox 651 1029 758 1067; x_wconf 89' lang='lat' dir='ltr'><strong>illum</strong></span> <span class='ocrx_word' id='word_1_97' title='bbox 793 1028 935 1067; x_wconf 86' lang='lat' dir='ltr'><strong>librum</strong></span> <span class='ocrx_word' id='word_1_98' title='bbox 969 1027 1109 1067; x_wconf 89' lang='lat' dir='ltr'><strong>debere</strong></span> <span class='ocrx_word' id='word_1_99' title='bbox 1141 1027 1326 1067; x_wconf 88' lang='lat' dir='ltr'><strong>Graevius</strong></span> <span class='ocrx_word' id='word_1_100' title='bbox 1358 1025 1505 1073; x_wconf 85' lang='lat' dir='ltr'><strong>scribit,</strong></span> 
     </span>
     <span class='ocr_line' id='line_1_14' title="bbox 79 1096 1506 1150; baseline -0.001 -14"><span class='ocrx_word' id='word_1_101' title='bbox 79 1100 277 1150; x_wconf 84' lang='lat' dir='ltr'><strong>professor</strong></span> <span class='ocrx_word' id='word_1_102' title='bbox 309 1098 541 1138; x_wconf 83' lang='lat' dir='ltr'><strong>Oxoniensis</strong></span> <span class='ocrx_word' id='word_1_103' title='bbox 574 1098 723 1146; x_wconf 80' lang='lat' dir='ltr'><strong>suisset,</strong></span> <span class='ocrx_word' id='word_1_104' title='bbox 756 1098 867 1137; x_wconf 91' lang='lat' dir='ltr'><strong>initio</strong></span> <span class='ocrx_word' id='word_1_105' title='bbox 898 1097 1041 1136; x_wconf 89' lang='lat' dir='ltr'><strong>librum</strong></span> <span class='ocrx_word' id='word_1_106' title='bbox 1076 1098 1114 1136; x_wconf 92' lang='lat' dir='ltr'><strong>in</strong></span> <span class='ocrx_word' id='word_1_107' title='bbox 1147 1096 1281 1148; x_wconf 86' lang='lat' dir='ltr'><strong>Anglia</strong></span> <span class='ocrx_word' id='word_1_108' title='bbox 1313 1109 1399 1135; x_wconf 89' lang='lat' dir='ltr'><strong>esse</strong></span> <span class='ocrx_word' id='word_1_109' title='bbox 1430 1108 1506 1148; x_wconf 86' lang='lat' dir='ltr'><strong>pu—</strong></span> 
     </span>
     <span class='ocr_line' id='line_1_15' title="bbox 81 1165 1505 1219; baseline -0.001 -14"><span class='ocrx_word' id='word_1_110' title='bbox 81 1166 228 1214; x_wconf 81' lang='lat' dir='ltr'><strong>tabam3</strong></span> <span class='ocrx_word' id='word_1_111' title='bbox 266 1173 366 1219; x_wconf 87' lang='lat' dir='ltr'><strong>post,</strong></span> <span class='ocrx_word' id='word_1_112' title='bbox 399 1180 487 1207; x_wconf 91' lang='lat' dir='ltr'><strong>cum</strong></span> <span class='ocrx_word' id='word_1_113' title='bbox 521 1176 636 1208; x_wconf 88' lang='lat' dir='ltr'><strong>notae</strong></span> <span class='ocrx_word' id='word_1_114' title='bbox 667 1168 751 1207; x_wconf 86' lang='lat' dir='ltr'><strong>eius</strong></span> <span class='ocrx_word' id='word_1_115' title='bbox 783 1167 1069 1214; x_wconf 86' lang='lat' dir='ltr'><strong>reminiscerer,</strong></span> <span class='ocrx_word' id='word_1_116' title='bbox 1103 1179 1219 1218; x_wconf 87' lang='lat' dir='ltr'><strong>quam</strong></span> <span class='ocrx_word' id='word_1_117' title='bbox 1254 1166 1431 1205; x_wconf 85' lang='lat' dir='ltr'><strong>Baiterus</strong></span> <span class='ocrx_word' id='word_1_118' title='bbox 1463 1165 1505 1204; x_wconf 90' lang='lat' dir='ltr'><strong>in</strong></span> 
     </span>
     <span class='ocr_line' id='line_1_16' title="bbox 80 1235 1507 1289; baseline -0.001 -15"><span class='ocrx_word' id='word_1_119' title='bbox 80 1235 250 1275; x_wconf 87' lang='lat' dir='ltr'><strong>editione</strong></span> <span class='ocrx_word' id='word_1_120' title='bbox 281 1236 484 1276; x_wconf 89' lang='lat' dir='ltr'><strong>Turicensi</strong></span> <span class='ocrx_word' id='word_1_121' title='bbox 516 1246 605 1276; x_wconf 85' lang='lat' dir='ltr'><strong>ante</strong></span> <span class='ocrx_word' id='word_1_122' title='bbox 637 1237 851 1276; x_wconf 89' lang='lat' dir='ltr'><strong>orationem</strong></span> <span class='ocrx_word' id='word_1_123' title='bbox 885 1249 954 1289; x_wconf 92' lang='lat' dir='ltr'><strong>pro</strong></span> <span class='ocrx_word' id='word_1_124' title='bbox 987 1237 1126 1276; x_wconf 87' lang='lat' dir='ltr'><strong>Archia</strong></span> <span class='ocrx_word' id='word_1_125' title='bbox 1156 1235 1329 1275; x_wconf 75' lang='lat' dir='ltr'><strong>habitam</strong></span> <span class='ocrx_word' id='word_1_126' title='bbox 1362 1235 1507 1288; x_wconf 76' lang='lat' dir='ltr'><strong>posuit,</strong></span> 
     </span>
     <span class='ocr_line' id='line_1_17' title="bbox 81 1293 1506 1358; baseline 0 -15"><span class='ocrx_word' id='word_1_127' title='bbox 81 1305 406 1346; x_wconf 85' lang='lat' dir='ltr'><strong>‘P=lectiones</strong></span> <span class='ocrx_word' id='word_1_128' title='bbox 448 1319 468 1345; x_wconf 90' lang='lat' dir='ltr'><strong>a</strong></span> <span class='ocrx_word' id='word_1_129' title='bbox 501 1305 541 1345; x_wconf 88' lang='lat' dir='ltr'><strong>P.</strong></span> <span class='ocrx_word' id='word_1_130' title='bbox 566 1306 727 1346; x_wconf 83' lang='lat' dir='ltr'><strong>Pithoeo</strong></span> <span class='ocrx_word' id='word_1_131' title='bbox 773 1307 818 1345; x_wconf 91' lang='lat' dir='ltr'><strong>ad</strong></span> <span class='ocrx_word' id='word_1_132' title='bbox 867 1305 1062 1358; x_wconf 83' lang='lat' dir='ltr'><strong>margines</strong></span> <span class='ocrx_word' id='word_1_133' title='bbox 1109 1304 1276 1357; x_wconf 79' lang='lat' dir='ltr'><strong>exempli</strong></span> <span class='ocrx_word' id='word_1_134' title='bbox 1323 1293 1506 1344; x_wconf 89' lang='lat' dir='ltr'><strong>editionis</strong></span> 
     </span>
     <span class='ocr_line' id='line_1_18' title="bbox 82 1373 1505 1427; baseline -0.001 -13"><span class='ocrx_word' id='word_1_135' title='bbox 82 1374 358 1414; x_wconf 89' lang='lat' dir='ltr'><strong>Lambinianae</strong></span> <span class='ocrx_word' id='word_1_136' title='bbox 379 1389 411 1415; x_wconf 90' lang='lat' dir='ltr'><strong>a.</strong></span> <span class='ocrx_word' id='word_1_137' title='bbox 434 1375 553 1422; x_wconf 84' lang='lat'>1581,</span> <span class='ocrx_word' id='word_1_138' title='bbox 584 1377 688 1427; x_wconf 90' lang='lat' dir='ltr'><strong>quod</strong></span> <span class='ocrx_word' id='word_1_139' title='bbox 711 1383 837 1415; x_wconf 85' lang='lat' dir='ltr'><strong>exstat</strong></span> <span class='ocrx_word' id='word_1_140' title='bbox 858 1377 898 1415; x_wconf 93' lang='lat' dir='ltr'><strong>in</strong></span> <span class='ocrx_word' id='word_1_141' title='bbox 921 1375 1152 1415; x_wconf 83' lang='lat' dir='ltr'><strong>bibliotheca</strong></span> <span class='ocrx_word' id='word_1_142' title='bbox 1177 1373 1505 1424; x_wconf 88' lang='lat' dir='ltr'><strong>Heidelbergensi‚</strong></span> 
     </span>
     <span class='ocr_line' id='line_1_19' title="bbox 81 1443 1506 1497; baseline -0.001 -14"><span class='ocrx_word' id='word_1_143' title='bbox 81 1444 311 1496; x_wconf 88' lang='lat' dir='ltr'><strong>adscriptae.</strong></span> <span class='ocrx_word' id='word_1_144' title='bbox 358 1444 454 1484; x_wconf 88' lang='lat' dir='ltr'><strong>Post</strong></span> <span class='ocrx_word' id='word_1_145' title='bbox 475 1445 680 1485; x_wconf 87' lang='lat' dir='ltr'><strong>Graevium</strong></span> <span class='ocrx_word' id='word_1_146' title='bbox 716 1447 856 1484; x_wconf 89' lang='lat' dir='ltr'><strong>iterum</strong></span> <span class='ocrx_word' id='word_1_147' title='bbox 889 1445 1095 1497; x_wconf 83' lang='lat' dir='ltr'><strong>exscripsit</strong></span> <span class='ocrx_word' id='word_1_148' title='bbox 1119 1443 1305 1483; x_wconf 90' lang='lat' dir='ltr'><strong>Halmius&#39;</strong></span> <span class='ocrx_word' id='word_1_149' title='bbox 1336 1454 1506 1494; x_wconf 89' lang='lat' dir='ltr'><strong>cumque</strong></span> 
     </span>
     <span class='ocr_line' id='line_1_20' title="bbox 83 1511 1506 1565; baseline -0.001 -14"><span class='ocrx_word' id='word_1_150' title='bbox 83 1513 111 1551; x_wconf 93' lang='lat' dir='ltr'><strong>P</strong></span> <span class='ocrx_word' id='word_1_151' title='bbox 149 1515 286 1564; x_wconf 89' lang='lat' dir='ltr'><strong>quanti</strong></span> <span class='ocrx_word' id='word_1_152' title='bbox 331 1522 464 1554; x_wconf 88' lang='lat' dir='ltr'><strong>essent</strong></span> <span class='ocrx_word' id='word_1_153' title='bbox 507 1515 545 1553; x_wconf 90' lang='lat' dir='ltr'><strong>in</strong></span> <span class='ocrx_word' id='word_1_154' title='bbox 587 1528 630 1553; x_wconf 90' lang='lat' dir='ltr'><strong>ea</strong></span> <span class='ocrx_word' id='word_1_155' title='bbox 668 1515 841 1554; x_wconf 93' lang='lat' dir='ltr'><strong>oratione</strong></span> <span class='ocrx_word' id='word_1_156' title='bbox 879 1514 1079 1565; x_wconf 89' lang='lat' dir='ltr'><strong>cognitum</strong></span> <span class='ocrx_word' id='word_1_157' title='bbox 1113 1513 1309 1559; x_wconf 86' lang='lat' dir='ltr'><strong>haberem,</strong></span> <span class='ocrx_word' id='word_1_158' title='bbox 1358 1511 1506 1563; x_wconf 89' lang='lat' dir='ltr'><strong>Zange-</strong></span> 
     </span>
     <span class='ocr_line' id='line_1_21' title="bbox 85 1582 1505 1635; baseline -0.001 -15"><span class='ocrx_word' id='word_1_159' title='bbox 85 1583 310 1621; x_wconf 78' lang='lat' dir='ltr'><strong>meisterun]</strong></span> <span class='ocrx_word' id='word_1_160' title='bbox 358 1583 485 1622; x_wconf 88' lang='lat' dir='ltr'><strong>virum</strong></span> <span class='ocrx_word' id='word_1_161' title='bbox 524 1584 808 1630; x_wconf 85' lang='lat' dir='ltr'><strong>doctissimum,</strong></span> <span class='ocrx_word' id='word_1_162' title='bbox 852 1583 919 1635; x_wconf 90' lang='lat' dir='ltr'><strong>qui</strong></span> <span class='ocrx_word' id='word_1_163' title='bbox 956 1583 1011 1622; x_wconf 92' lang='lat' dir='ltr'><strong>illi</strong></span> <span class='ocrx_word' id='word_1_164' title='bbox 1049 1582 1304 1622; x_wconf 89' lang='lat' dir='ltr'><strong>bibliothecae</strong></span> <span class='ocrx_word' id='word_1_165' title='bbox 1340 1586 1505 1633; x_wconf 87' lang='lat' dir='ltr'><strong>praeest⁷</strong></span> 
     </span>
     <span class='ocr_line' id='line_1_22' title="bbox 85 1650 1505 1705; baseline -0.001 -16"><span class='ocrx_word' id='word_1_166' title='bbox 85 1651 226 1701; x_wconf 84' lang='lat' dir='ltr'><strong>rogavi,</strong></span> <span class='ocrx_word' id='word_1_167' title='bbox 269 1659 312 1690; x_wconf 90' lang='lat' dir='ltr'><strong>ut</strong></span> <span class='ocrx_word' id='word_1_168' title='bbox 348 1664 436 1691; x_wconf 87' lang='lat' dir='ltr'><strong>eum</strong></span> <span class='ocrx_word' id='word_1_169' title='bbox 469 1651 626 1698; x_wconf 74' lang='lat' dir='ltr'><strong>librum,</strong></span> <span class='ocrx_word' id='word_1_170' title='bbox 664 1653 730 1704; x_wconf 91' lang='lat' dir='ltr'><strong>qui</strong></span> <span class='ocrx_word' id='word_1_171' title='bbox 768 1652 953 1705; x_wconf 85' lang='lat' dir='ltr'><strong>epistulas</strong></span> <span class='ocrx_word' id='word_1_172' title='bbox 991 1652 1037 1691; x_wconf 91' lang='lat' dir='ltr'><strong>ad</strong></span> <span class='ocrx_word' id='word_1_173' title='bbox 1071 1651 1241 1691; x_wconf 85' lang='lat' dir='ltr'><strong>Atticum</strong></span> <span class='ocrx_word' id='word_1_174' title='bbox 1275 1650 1505 1696; x_wconf 89' lang='lat' dir='ltr'><strong>contineret,</strong></span> 
     </span>
     <span class='ocr_line' id='line_1_23' title="bbox 89 1718 1506 1772; baseline -0.001 -14"><span class='ocrx_word' id='word_1_175' title='bbox 89 1720 182 1758; x_wconf 85' lang='lat' dir='ltr'><strong>mihi</strong></span> <span class='ocrx_word' id='word_1_176' title='bbox 215 1720 434 1760; x_wconf 77' lang='lat' dir='ltr'><strong>Berolinutn</strong></span> <span class='ocrx_word' id='word_1_177' title='bbox 480 1722 713 1761; x_wconf 84' lang='lat' dir='ltr'><strong>mittendum</strong></span> <span class='ocrx_word' id='word_1_178' title='bbox 756 1728 935 1768; x_wconf 77' lang='lat' dir='ltr'><strong>curaret3&#39;</strong></span> <span class='ocrx_word' id='word_1_179' title='bbox 973 1721 1123 1772; x_wconf 84' lang='lat' dir='ltr'><strong>roganti</strong></span> <span class='ocrx_word' id='word_1_180' title='bbox 1169 1720 1223 1758; x_wconf 85' lang='lat' dir='ltr'><strong>vir</strong></span> <span class='ocrx_word' id='word_1_181' title='bbox 1265 1718 1506 1759; x_wconf 84' lang='lat' dir='ltr'><strong>clarissimus</strong></span> 
     </span>
     <span class='ocr_line' id='line_1_24' title="bbox 86 1787 1504 1841; baseline -0.001 -13"><span class='ocrx_word' id='word_1_182' title='bbox 86 1789 198 1841; x_wconf 87' lang='lat' dir='ltr'><strong>plane</strong></span> <span class='ocrx_word' id='word_1_183' title='bbox 230 1789 321 1828; x_wconf 86' lang='lat' dir='ltr'><strong>satis</strong></span> <span class='ocrx_word' id='word_1_184' title='bbox 354 1789 442 1828; x_wconf 86' lang='lat' dir='ltr'><strong>fecit</strong></span> <span class='ocrx_word' id='word_1_185' title='bbox 474 1802 599 1841; x_wconf 88' lang='lat' dir='ltr'><strong>neque</strong></span> <span class='ocrx_word' id='word_1_186' title='bbox 631 1790 754 1829; x_wconf 84' lang='lat' dir='ltr'><strong>solum</strong></span> <span class='ocrx_word' id='word_1_187' title='bbox 790 1803 924 1837; x_wconf 87' lang='lat' dir='ltr'><strong>unum,</strong></span> <span class='ocrx_word' id='word_1_188' title='bbox 959 1790 1025 1829; x_wconf 91' lang='lat' dir='ltr'><strong>sed</strong></span> <span class='ocrx_word' id='word_1_189' title='bbox 1057 1802 1194 1828; x_wconf 88' lang='lat' dir='ltr'><strong>omnes</strong></span> <span class='ocrx_word' id='word_1_190' title='bbox 1217 1788 1300 1828; x_wconf 91' lang='lat' dir='ltr'><strong>eius</strong></span> <span class='ocrx_word' id='word_1_191' title='bbox 1323 1787 1504 1827; x_wconf 87' lang='lat' dir='ltr'><strong>editionis</strong></span> 
     </span>
     <span class='ocr_line' id='line_1_25' title="bbox 87 1856 1508 1911; baseline -0.002 -13"><span class='ocrx_word' id='word_1_192' title='bbox 87 1859 206 1898; x_wconf 86' lang='lat' dir='ltr'><strong>libros</strong></span> <span class='ocrx_word' id='word_1_193' title='bbox 230 1858 348 1897; x_wconf 86' lang='lat' dir='ltr'><strong>misit.</strong></span> <span class='ocrx_word' id='word_1_194' title='bbox 401 1858 501 1905; x_wconf 86' lang='lat' dir='ltr'><strong>Quid</strong></span> <span class='ocrx_word' id='word_1_195' title='bbox 524 1872 595 1898; x_wconf 89' lang='lat' dir='ltr'><strong>nos</strong></span> <span class='ocrx_word' id='word_1_196' title='bbox 618 1859 895 1907; x_wconf 67' lang='lat' dir='ltr'><strong>invenerimus,</strong></span> <span class='ocrx_word' id='word_1_197' title='bbox 919 1859 1052 1911; x_wconf 84' lang='lat' dir='ltr'><strong>paucis</strong></span> <span class='ocrx_word' id='word_1_198' title='bbox 1075 1868 1329 1911; x_wconf 66' lang='lat' dir='ltr'><strong>exponemuz</strong></span> <span class='ocrx_word' id='word_1_199' title='bbox 1381 1856 1508 1896; x_wconf 78' lang='lat' dir='ltr'><strong>Editio</strong></span> 
     </span>
     <span class='ocr_line' id='line_1_26' title="bbox 87 1926 1507 1981; baseline -0.001 -14"><span class='ocrx_word' id='word_1_200' title='bbox 87 1929 436 1979; x_wconf 72' lang='lat' dir='ltr'><strong>argentoratensis,</strong></span> <span class='ocrx_word' id='word_1_201' title='bbox 466 1936 510 1968; x_wconf 88' lang='lat' dir='ltr'><strong>ut</strong></span> <span class='ocrx_word' id='word_1_202' title='bbox 531 1942 646 1981; x_wconf 86' lang='lat' dir='ltr'><strong>supra</strong></span> <span class='ocrx_word' id='word_1_203' title='bbox 669 1942 705 1981; x_wconf 91' lang='lat' dir='ltr'><strong>p.</strong></span> <span class='ocrx_word' id='word_1_204' title='bbox 725 1929 776 1968; x_wconf 77' lang='lat'><strong>90</strong></span> <span class='ocrx_word' id='word_1_205' title='bbox 801 1928 891 1973; x_wconf 83' lang='lat' dir='ltr'><strong>dixi,</strong></span> <span class='ocrx_word' id='word_1_206' title='bbox 925 1941 1029 1968; x_wconf 85' lang='lat' dir='ltr'><strong>mera</strong></span> <span class='ocrx_word' id='word_1_207' title='bbox 1052 1935 1112 1967; x_wconf 88' lang='lat' dir='ltr'><strong>est</strong></span> <span class='ocrx_word' id='word_1_208' title='bbox 1133 1926 1312 1979; x_wconf 87' lang='lat' dir='ltr'><strong>repetitio</strong></span> <span class='ocrx_word' id='word_1_209' title='bbox 1334 1926 1392 1965; x_wconf 89' lang='lat' dir='ltr'><strong>ed.</strong></span> <span class='ocrx_word' id='word_1_210' title='bbox 1411 1926 1507 1965; x_wconf 87' lang='lat' dir='ltr'><strong>alte-</strong></span> 
     </span>
     <span class='ocr_line' id='line_1_27' title="bbox 89 1994 1509 2051; baseline -0.003 -14"><span class='ocrx_word' id='word_1_211' title='bbox 89 1997 170 2037; x_wconf 76' lang='lat' dir='ltr'><strong>rius</strong></span> <span class='ocrx_word' id='word_1_212' title='bbox 194 1997 481 2044; x_wconf 86' lang='lat' dir='ltr'><strong>Lambinianae,</strong></span> <span class='ocrx_word' id='word_1_213' title='bbox 513 2011 610 2050; x_wconf 86' lang='lat' dir='ltr'><strong>quae</strong></span> <span class='ocrx_word' id='word_1_214' title='bbox 639 1998 780 2051; x_wconf 88' lang='lat' dir='ltr'><strong>prodiit</strong></span> <span class='ocrx_word' id='word_1_215' title='bbox 811 2012 844 2038; x_wconf 89' lang='lat' dir='ltr'><strong>a.</strong></span> <span class='ocrx_word' id='word_1_216' title='bbox 875 1998 999 2047; x_wconf 82' lang='lat' dir='ltr'><strong>t572;</strong></span> <span class='ocrx_word' id='word_1_217' title='bbox 1028 1999 1066 2037; x_wconf 93' lang='lat' dir='ltr'><strong>in</strong></span> <span class='ocrx_word' id='word_1_218' title='bbox 1102 1997 1275 2047; x_wconf 82' lang='lat' dir='ltr'><strong>margine</strong></span> <span class='ocrx_word' id='word_1_219' title='bbox 1307 1995 1390 2035; x_wconf 88' lang='lat' dir='ltr'><strong>eius</strong></span> <span class='ocrx_word' id='word_1_220' title='bbox 1421 1994 1509 2034; x_wconf 87' lang='lat' dir='ltr'><strong>libri</strong></span> 
     </span>
     <span class='ocr_line' id='line_1_28' title="bbox 92 2065 1507 2120; baseline -0.001 -15"><span class='ocrx_word' id='word_1_221' title='bbox 92 2067 275 2106; x_wconf 81' lang='lat' dir='ltr'><strong>Pithoeus</strong></span> <span class='ocrx_word' id='word_1_222' title='bbox 309 2067 449 2106; x_wconf 81' lang='lat' dir='ltr'><strong>multas</strong></span> <span class='ocrx_word' id='word_1_223' title='bbox 480 2068 721 2108; x_wconf 83' lang='lat' dir='ltr'><strong>coniecturas</strong></span> <span class='ocrx_word' id='word_1_224' title='bbox 753 2067 960 2120; x_wconf 88' lang='lat' dir='ltr'><strong>adscripsit</strong></span> <span class='ocrx_word' id='word_1_225' title='bbox 988 2068 1046 2106; x_wconf 85' lang='lat' dir='ltr'><strong>vel</strong></span> <span class='ocrx_word' id='word_1_226' title='bbox 1068 2080 1158 2107; x_wconf 86' lang='lat' dir='ltr'><strong>suas</strong></span> <span class='ocrx_word' id='word_1_227' title='bbox 1182 2067 1239 2106; x_wconf 91' lang='lat' dir='ltr'><strong>vel</strong></span> <span class='ocrx_word' id='word_1_228' title='bbox 1260 2065 1507 2118; x_wconf 76' lang='lat' dir='ltr'><strong>Malaspinae‚</strong></span> 
     </span>
     <span class='ocr_line' id='line_1_29' title="bbox 93 2134 1508 2185; baseline -0.002 -10"><span class='ocrx_word' id='word_1_229' title='bbox 93 2136 266 2183; x_wconf 82' lang='lat' dir='ltr'><strong>Victorii,</strong></span> <span class='ocrx_word' id='word_1_230' title='bbox 311 2136 495 2184; x_wconf 78' lang='lat' dir='ltr'><strong>alioruin3</strong></span> <span class='ocrx_word' id='word_1_231' title='bbox 535 2137 635 2177; x_wconf 83' lang='lat' dir='ltr'><strong>idem</strong></span> <span class='ocrx_word' id='word_1_232' title='bbox 678 2138 818 2177; x_wconf 88' lang='lat' dir='ltr'><strong>librum</strong></span> <span class='ocrx_word' id='word_1_233' title='bbox 859 2150 937 2177; x_wconf 90' lang='lat' dir='ltr'><strong>non</strong></span> <span class='ocrx_word' id='word_1_234' title='bbox 977 2145 1052 2177; x_wconf 79' lang='lat' dir='ltr'><strong>tarn</strong></span> <span class='ocrx_word' id='word_1_235' title='bbox 1094 2150 1181 2176; x_wconf 84' lang='lat' dir='ltr'><strong>cum</strong></span> <span class='ocrx_word' id='word_1_236' title='bbox 1216 2135 1348 2175; x_wconf 90' lang='lat' dir='ltr'><strong>codice</strong></span> <span class='ocrx_word' id='word_1_237' title='bbox 1378 2134 1508 2185; x_wconf 89' lang='lat' dir='ltr'><strong>aliquo</strong></span> 
     </span>
     <span class='ocr_line' id='line_1_30' title="bbox 91 2204 1508 2257; baseline -0.003 -11"><span class='ocrx_word' id='word_1_238' title='bbox 91 2205 254 2246; x_wconf 86' lang='lat' dir='ltr'><strong>contulit</strong></span> <span class='ocrx_word' id='word_1_239' title='bbox 282 2219 397 2257; x_wconf 87' lang='lat' dir='ltr'><strong>quam</strong></span> <span class='ocrx_word' id='word_1_240' title='bbox 432 2218 508 2246; x_wconf 89' lang='lat' dir='ltr'><strong>non</strong></span> <span class='ocrx_word' id='word_1_241' title='bbox 542 2207 658 2246; x_wconf 87' lang='lat' dir='ltr'><strong>nullis</strong></span> <span class='ocrx_word' id='word_1_242' title='bbox 678 2207 773 2247; x_wconf 89' lang='lat' dir='ltr'><strong>locis</strong></span> <span class='ocrx_word' id='word_1_243' title='bbox 805 2214 843 2247; x_wconf 91' lang='lat' dir='ltr'><strong>et</strong></span> <span class='ocrx_word' id='word_1_244' title='bbox 875 2214 1023 2247; x_wconf 83' lang='lat' dir='ltr'><strong>textum</strong></span> <span class='ocrx_word' id='word_1_245' title='bbox 1053 2214 1091 2246; x_wconf 91' lang='lat' dir='ltr'><strong>et</strong></span> <span class='ocrx_word' id='word_1_246' title='bbox 1111 2206 1309 2252; x_wconf 82' lang='lat' dir='ltr'><strong>lectiones,</strong></span> <span class='ocrx_word' id='word_1_247' title='bbox 1342 2217 1440 2256; x_wconf 86' lang='lat' dir='ltr'><strong>quae</strong></span> <span class='ocrx_word' id='word_1_248' title='bbox 1470 2204 1508 2242; x_wconf 90' lang='lat' dir='ltr'><strong>in</strong></span> 
     </span>
     <span class='ocr_line' id='line_1_31' title="bbox 94 2272 1511 2329; baseline -0.002 -16"><span class='ocrx_word' id='word_1_249' title='bbox 94 2275 266 2326; x_wconf 85' lang='lat' dir='ltr'><strong>margine</strong></span> <span class='ocrx_word' id='word_1_250' title='bbox 303 2281 412 2321; x_wconf 82' lang='lat' dir='ltr'><strong>sunt,</strong></span> <span class='ocrx_word' id='word_1_251' title='bbox 459 2288 504 2314; x_wconf 85' lang='lat' dir='ltr'><strong>ex</strong></span> <span class='ocrx_word' id='word_1_252' title='bbox 538 2276 643 2316; x_wconf 88' lang='lat' dir='ltr'><strong>libris</strong></span> <span class='ocrx_word' id='word_1_253' title='bbox 674 2276 877 2329; x_wconf 83' lang='lat' dir='ltr'><strong>impressis</strong></span> <span class='ocrx_word' id='word_1_254' title='bbox 910 2277 960 2316; x_wconf 90' lang='lat' dir='ltr'><strong>ita</strong></span> <span class='ocrx_word' id='word_1_255' title='bbox 993 2275 1256 2320; x_wconf 83' lang='lat' dir='ltr'><strong>confirmavit,</strong></span> <span class='ocrx_word' id='word_1_256' title='bbox 1301 2280 1346 2313; x_wconf 87' lang='lat' dir='ltr'><strong>ut</strong></span> <span class='ocrx_word' id='word_1_257' title='bbox 1378 2273 1418 2311; x_wconf 90' lang='lat' dir='ltr'><strong>V.</strong></span> <span class='ocrx_word' id='word_1_258' title='bbox 1454 2272 1511 2310; x_wconf 88' lang='lat' dir='ltr'><strong>vel</strong></span> 
     </span>
     <span class='ocr_line' id='line_1_32' title="bbox 95 2340 1509 2392; baseline -0.001 -11"><span class='ocrx_word' id='word_1_259' title='bbox 95 2343 174 2383; x_wconf 89' lang='lat' dir='ltr'><strong>Vet.</strong></span> <span class='ocrx_word' id='word_1_260' title='bbox 207 2344 265 2383; x_wconf 88' lang='lat' dir='ltr'><strong>vel</strong></span> <span class='ocrx_word' id='word_1_261' title='bbox 299 2343 338 2382; x_wconf 84' lang='lat' dir='ltr'><strong>V.</strong></span> <span class='ocrx_word' id='word_1_262' title='bbox 362 2343 401 2382; x_wconf 91' lang='lat' dir='ltr'><strong>C.</strong></span> <span class='ocrx_word' id='word_1_263' title='bbox 434 2344 613 2384; x_wconf 84' lang='lat' dir='ltr'><strong>adiceret.</strong></span> <span class='ocrx_word' id='word_1_264' title='bbox 660 2345 755 2392; x_wconf 81' lang='lat' dir='ltr'><strong>Quis</strong></span> <span class='ocrx_word' id='word_1_265' title='bbox 786 2347 859 2385; x_wconf 90' lang='lat' dir='ltr'><strong>iste</strong></span> <span class='ocrx_word' id='word_1_266' title='bbox 883 2346 922 2385; x_wconf 95' lang='lat' dir='ltr'><strong>V.</strong></span> <span class='ocrx_word' id='word_1_267' title='bbox 956 2346 1013 2385; x_wconf 90' lang='lat' dir='ltr'><strong>vel</strong></span> <span class='ocrx_word' id='word_1_268' title='bbox 1045 2347 1122 2384; x_wconf 65' lang='lat' dir='ltr'><strong>Vct.</strong></span> <span class='ocrx_word' id='word_1_269' title='bbox 1158 2344 1214 2382; x_wconf 87' lang='lat' dir='ltr'><strong>vel</strong></span> <span class='ocrx_word' id='word_1_270' title='bbox 1243 2344 1281 2382; x_wconf 85' lang='lat' dir='ltr'><strong>V.</strong></span> <span class='ocrx_word' id='word_1_271' title='bbox 1307 2342 1347 2381; x_wconf 93' lang='lat' dir='ltr'><strong>C.</strong></span> <span class='ocrx_word' id='word_1_272' title='bbox 1382 2340 1509 2386; x_wconf 81' lang='lat' dir='ltr'><strong>fuerit,</strong></span> 
     </span>
     <span class='ocr_line' id='line_1_33' title="bbox 95 2410 1510 2465; baseline -0.002 -14"><span class='ocrx_word' id='word_1_273' title='bbox 95 2424 172 2452; x_wconf 91' lang='lat' dir='ltr'><strong>non</strong></span> <span class='ocrx_word' id='word_1_274' title='bbox 203 2412 313 2451; x_wconf 84' lang='lat' dir='ltr'><strong>facile</strong></span> <span class='ocrx_word' id='word_1_275' title='bbox 346 2425 423 2451; x_wconf 89' lang='lat' dir='ltr'><strong>uno</strong></span> <span class='ocrx_word' id='word_1_276' title='bbox 446 2426 601 2464; x_wconf 88' lang='lat' dir='ltr'><strong>quoque</strong></span> <span class='ocrx_word' id='word_1_277' title='bbox 623 2414 706 2453; x_wconf 92' lang='lat' dir='ltr'><strong>loco</strong></span> <span class='ocrx_word' id='word_1_278' title='bbox 729 2415 974 2461; x_wconf 82' lang='lat' dir='ltr'><strong>diiudicatur,</strong></span> <span class='ocrx_word' id='word_1_279' title='bbox 1006 2414 1107 2465; x_wconf 87' lang='lat' dir='ltr'><strong>quod</strong></span> <span class='ocrx_word' id='word_1_280' title='bbox 1142 2412 1363 2464; x_wconf 86' lang='lat' dir='ltr'><strong>complures</strong></span> <span class='ocrx_word' id='word_1_281' title='bbox 1392 2410 1510 2449; x_wconf 89' lang='lat' dir='ltr'><strong>libros</strong></span> 
     </span>
     <span class='ocr_line' id='line_1_34' title="bbox 95 2480 747 2535; baseline 0.005 -16"><span class='ocrx_word' id='word_1_282' title='bbox 95 2480 299 2521; x_wconf 75' lang='lat' dir='ltr'><strong>pithoeum</strong></span> <span class='ocrx_word' id='word_1_283' title='bbox 333 2481 547 2533; x_wconf 80' lang='lat' dir='ltr'><strong>inspexisse</strong></span> <span class='ocrx_word' id='word_1_284' title='bbox 577 2490 747 2535; x_wconf 89' lang='lat' dir='ltr'><strong>apparet.</strong></span> 
     </span>
    </p>

    <p class='ocr_par' dir='ltr' id='par_1_4' title="bbox 96 2546 1512 2671">
     <span class='ocr_line' id='line_1_35' title="bbox 209 2546 1510 2603; baseline -0.004 -14"><span class='ocrx_word' id='word_1_285' title='bbox 209 2550 224 2589; x_wconf 92' lang='grc' dir='ltr'>Ι</span> <span class='ocrx_word' id='word_1_286' title='bbox 251 2551 312 2595; x_wconf 80' lang='grc'><strong>16,</strong></span> <span class='ocrx_word' id='word_1_287' title='bbox 336 2552 359 2589; x_wconf 83' lang='grc'>5</span> <span class='ocrx_word' id='word_1_288' title='bbox 397 2551 701 2597; x_wconf 74' lang='lat' dir='ltr'><strong>introductiones,</strong></span> <span class='ocrx_word' id='word_1_289' title='bbox 739 2553 842 2603; x_wconf 86' lang='lat' dir='ltr'><strong>quod</strong></span> <span class='ocrx_word' id='word_1_290' title='bbox 874 2552 912 2591; x_wconf 92' lang='lat' dir='ltr'><strong>in</strong></span> <span class='ocrx_word' id='word_1_291' title='bbox 946 2558 1053 2591; x_wconf 81' lang='lat' dir='ltr'><strong>textu</strong></span> <span class='ocrx_word' id='word_1_292' title='bbox 1085 2556 1156 2593; x_wconf 74' lang='lat' dir='ltr'><strong>est,</strong></span> <span class='ocrx_word' id='word_1_293' title='bbox 1196 2549 1382 2588; x_wconf 80' lang='lat' dir='ltr'><strong>Pithoeus</strong></span> <span class='ocrx_word' id='word_1_294' title='bbox 1414 2546 1510 2585; x_wconf 84' lang='lat' dir='ltr'><strong>linea</strong></span> 
     </span>
     <span class='ocr_line' id='line_1_36' title="bbox 96 2617 1512 2671; baseline -0.003 -14"><span class='ocrx_word' id='word_1_295' title='bbox 96 2618 282 2658; x_wconf 86' lang='lat' dir='ltr'><strong>subduxit</strong></span> <span class='ocrx_word' id='word_1_296' title='bbox 313 2627 350 2658; x_wconf 86' lang='lat' dir='ltr'><strong>et.</strong></span> <span class='ocrx_word' id='word_1_297' title='bbox 381 2620 586 2671; x_wconf 69' lang='lat' dir='ltr'><strong>adscripsit</strong></span> <span class='ocrx_word' id='word_1_298' title='bbox 618 2620 684 2659; x_wconf 69' lang='lat' dir='ltr'><strong>‘sic</strong></span> <span class='ocrx_word' id='word_1_299' title='bbox 715 2621 752 2658; x_wconf 90' lang='lat' dir='ltr'><strong>V.</strong></span> <span class='ocrx_word' id='word_1_300' title='bbox 776 2621 815 2659; x_wconf 89' lang='lat' dir='ltr'><strong>C.</strong></span> <span class='ocrx_word' id='word_1_301' title='bbox 850 2621 924 2666; x_wconf 86' lang='lat' dir='ltr'><strong>(vel</strong></span> <span class='ocrx_word' id='word_1_302' title='bbox 952 2620 994 2658; x_wconf 89' lang='lat' dir='ltr'><strong>V.</strong></span> <span class='ocrx_word' id='word_1_303' title='bbox 1014 2620 1076 2663; x_wconf 80' lang='grc' dir='ltr'><strong>Ο.)</strong></span> <span class='ocrx_word' id='word_1_304' title='bbox 1112 2617 1293 2670; x_wconf 74' lang='lat' dir='ltr'><strong>Malesp.’‚</strong></span> <span class='ocrx_word' id='word_1_305' title='bbox 1325 2621 1439 2667; x_wconf 88' lang='lat' dir='ltr'><strong>atque</strong></span> <span class='ocrx_word' id='word_1_306' title='bbox 1472 2627 1512 2653; x_wconf 88' lang='lat' dir='ltr'><strong>re</strong></span> 
     </span>
    </p>
   </div>
   <div class='ocr_carea' id='block_1_3' title="bbox 97 2684 1512 2789">
    <p class='ocr_par' dir='ltr' id='par_1_5' title="bbox 97 2684 1512 2789">
     <span class='ocr_line' id='line_1_37' title="bbox 97 2684 1512 2740; baseline -0.003 -15"><span class='ocrx_word' id='word_1_307' title='bbox 97 2699 182 2725; x_wconf 88' lang='lat' dir='ltr'><strong>vera</strong></span> <span class='ocrx_word' id='word_1_308' title='bbox 208 2688 412 2740; x_wconf 73' lang='lat' dir='ltr'><strong>Malaspina</strong></span> <span class='ocrx_word' id='word_1_309' title='bbox 446 2690 736 2729; x_wconf 67' lang='lat' dir='ltr'><strong>introductiones</strong></span> <span class='ocrx_word' id='word_1_310' title='bbox 768 2690 803 2727; x_wconf 90' lang='lat' dir='ltr'><strong>in</strong></span> <span class='ocrx_word' id='word_1_311' title='bbox 838 2689 1020 2729; x_wconf 81' lang='lat' dir='ltr'><strong>omnihus</strong></span> <span class='ocrx_word' id='word_1_312' title='bbox 1052 2688 1132 2726; x_wconf 78' lang='lat' dir='ltr'><strong>suis</strong></span> <span class='ocrx_word' id='word_1_313' title='bbox 1164 2699 1248 2726; x_wconf 82' lang='lat' dir='ltr'><strong>osse</strong></span> <span class='ocrx_word' id='word_1_314' title='bbox 1277 2684 1512 2730; x_wconf 83' lang='lat' dir='ltr'><strong>adli1·mavit;</strong></span> 
     </span>
     <span class='ocr_line' id='line_1_38' title="bbox 174 2754 1297 2789; baseline 0.002 -11"><span class='ocrx_word' id='word_1_315' title='bbox 174 2754 328 2783; x_wconf 77' lang='lat' dir='ltr'><strong>Lehmann.</strong></span> <span class='ocrx_word' id='word_1_316' title='bbox 352 2757 391 2781; x_wconf 74' lang='lat' dir='ltr'><strong>De</strong></span> <span class='ocrx_word' id='word_1_317' title='bbox 412 2758 460 2781; x_wconf 68' lang='lat' dir='ltr'><strong>t&#39;ic</strong></span> <span class='ocrx_word' id='word_1_318' title='bbox 491 2756 525 2782; x_wconf 77' lang='lat' dir='ltr'><strong>nd</strong></span> <span class='ocrx_word' id='word_1_319' title='bbox 550 2760 607 2782; x_wconf 64' lang='lat' dir='ltr'><strong>Axe.</strong></span> <span class='ocrx_word' id='word_1_320' title='bbox 629 2756 772 2789; x_wconf 66' lang='lat' dir='ltr'><strong>epistulis,</strong></span> <span class='ocrx_word' id='word_1_321' title='bbox 1277 2755 1297 2788; x_wconf 81' lang='grc'>8</span> 
     </span>
    </p>
   </div>
  </div>
 </body>
</html>
