1821 3077
739 104 1180 144 —120—

253 224 336 262 loco
379 229 549 274 apparet,
595 222 723 274 priora
765 221 877 260 verba
910 221 1135 260 Turnebum
1179 234 1265 261 cnm
1300 221 1325 259 Z
1358 221 1580 265 contulisse,
1628 220 1666 258 in

252 290 534 344 posterioribus
566 290 591 329 Z
623 290 851 342 neglexisse.

366 359 539 411 Denique
584 359 677 398 illud
726 371 877 405 moneo,
929 366 967 398 et
1013 359 1245 410 Malaspinae
1292 359 1433 397 librum
1481 364 1519 396 et
1565 357 1667 397 Bosii

254 429 463 468 editionem
516 436 631 480 atque
681 428 931 480 repetitiones
981 428 1273 466 adnotationum
1326 427 1579 466 Bosianaruin
1631 433 1668 465 ct

257 497 434 538 Lambini
479 495 669 535 editiones
716 500 830 544 atque
862 494 1128 535 adnotationes
1161 497 1295 536 multis
1326 495 1524 535 erroribus
1557 502 1666 547 typo-

259 566 452 605 thetarum
491 563 712 615 inquinatas
742 574 838 607 esse,
877 574 921 599 ex
953 561 1095 612 quibus
1127 574 1204 601 non
1236 575 1379 614 paucos
1411 564 1483 614 ipsi
1515 564 1567 602 illi
1599 563 1669 601 viri

258 635 296 673 in
328 634 429 673 calce
460 633 648 672 librorum
681 632 892 681 corrigunt,
927 631 1070 670 multos
1102 631 1375 682 neglexerunt;
1406 632 1547 684 itaque,
1579 644 1667 671 cum

256 703 414 743 editoris
436 714 515 741 non
538 701 599 747 sit,
632 713 677 739 ex
710 699 904 739 veteribus
936 699 1042 738 libris
1075 712 1226 738 errores
1257 700 1419 747 adferre,
1452 701 1483 740 si
1514 701 1600 752 quis
1632 702 1669 740 in

256 785 353 811 nova
387 771 640 823 epistularum
671 769 837 808 editione
860 768 950 818 quid
975 768 1191 819 neglectum
1215 781 1299 808 esse
1321 769 1484 821 putabit,
1518 769 1671 809 debebit

256 848 293 880 et
315 839 541 891 corrigenda
564 838 602 877 in
627 838 727 877 calce
751 844 921 876 veterum
947 837 1133 875 librorum
1166 837 1290 889 posita
1322 837 1513 890 inspicere
1544 851 1670 889 neque

256 909 378 948 varias
403 907 679 947 Lambinianae
710 905 890 945 editionis
921 913 1021 958 post.
1046 906 1294 957 repetitiones
1325 907 1537 958 neglegerQ
1570 913 1608 946 et
1638 906 1669 946 si

259 980 294 1018 in
335 978 459 1029 aliqua
500 989 541 1015 re
579 976 694 1015 editio
730 988 828 1014 nova
859 988 877 1013 a
912 981 1083 1013 veterum
1118 975 1399 1026 philologorum
1435 976 1560 1014 verbis
1592 976 1670 1015 dis·

259 1047 442 1099 crepabst,
475 1058 607 1085 secum
640 1043 911 1089 considerabit,
945 1050 1076 1082 utrum
1111 1056 1197 1083 vera
1229 1051 1343 1095 atque
1373 1045 1536 1095 genuina
1559 1045 1671 1084 lectio

258 1116 428 1167 neglecta
459 1114 510 1154 sit
540 1127 587 1154 an
620 1121 730 1153 vetus
765 1113 946 1151 mendum
982 1113 1299 1164 typographicum
1324 1113 1477 1153 silentio
1499 1121 1671 1165 praeter-

259 1183 422 1223 missum
457 1183 519 1222 sit.

710 1582 752 1636 C
778 1583 896 1635 ΑΡ
922 1583 973 1637 ’Π
1001 1583 1045 1635 Τ
1100 1582 1234 1635 VII.

533 1830 734 1872 STEMMA
771 1830 990 1870 CODICUM
1027 1829 1410 1870 CONSTITUITUR.

381 1935 499 1975 Multa
537 1935 583 1974 de
615 1935 641 1974 C
680 1941 718 1975 et
750 1935 775 1974 Z
815 1934 1111 1987 disputavimus,
1153 1934 1255 1986 quod
1293 1942 1332 1974 et
1361 1935 1416 1974 rei
1448 1936 1611 1987 gravitas
1643 1943 1681 1975 et

268 2017 403 2044 eorum
441 2004 618 2044 codicum
657 2003 724 2055 qui
761 2010 912 2043 exstant
948 2003 1123 2042 condicio
1154 2003 1388 2056 postulabat,
1424 2011 1467 2043 ut
1497 2005 1679 2056 quicquid

269 2073 315 2112 de
347 2072 374 2112 C
406 2078 444 2111 et
475 2072 500 2110 Z
542 2073 713 2124 indagari
751 2079 882 2125 posset
918 2085 937 2112 a
968 2073 1080 2112 nobis
1112 2072 1369 2123 indagaretur.
1429 2072 1561 2124 Neque
1591 2086 1681 2112 vero

269 2141 474 2194 quicquam
522 2148 589 2181 aut
634 2142 802 2181 diximus
848 2148 915 2181 aut
951 2141 1077 2180 dicere
1108 2140 1314 2185 voluimus,
1361 2142 1496 2193 quanti
1527 2141 1554 2181 C
1585 2149 1624 2181 et
1654 2142 1679 2181 Z

269 2210 499 2250 aestimandi
529 2223 614 2250 esse
645 2211 889 2257 viderentur3
934 2211 1027 2249 haec
1057 2210 1254 2262 probanda
1287 2210 1397 2249 nobis
1428 2211 1680 2263 sumpsimus,

271 2281 297 2320 C
328 2279 461 2319 multis
488 2279 582 2318 locis
612 2279 652 2318 in
684 2292 705 2318 c
735 2286 773 2318 et
802 2279 841 2318 in
871 2280 1015 2318 Graeco
1046 2278 1173 2317 indice
1202 2278 1383 2317 editionis
1406 2279 1681 2318 Cratandrinae

269 2349 408 2396 inesse,
442 2348 467 2387 Z
498 2348 730 2388 lectionibus
762 2361 781 2387 a
803 2348 964 2387 Pithoeo
995 2355 1032 2386 et
1053 2347 1236 2386 Turnebo
1267 2347 1402 2393 allatis,
1436 2347 1567 2386 multis
1589 2348 1681 2387 locis

271 2431 304 2456 v.
326 2430 359 2457 c.
391 2424 458 2457 aut
488 2430 521 2456 v.
544 2430 575 2456 c.
608 2424 648 2457 et
676 2417 726 2457 ita
759 2417 928 2468 L(mgo)‚
975 2428 1052 2455 non
1101 2415 1216 2454 nullis
1262 2415 1356 2454 locis
1400 2416 1411 2454 l
1442 2421 1480 2454 et
1510 2415 1679 2467 L(mg0)‚

271 2486 466 2538 plerisque
493 2486 587 2525 locis
610 2486 675 2525 ZB
706 2485 912 2525 contineri:
946 2486 1181 2535 ubicumque
1214 2496 1302 2522 vero
1334 2495 1355 2522 c
1384 2489 1450 2522 aut
1471 2484 1482 2522 l
1503 2491 1570 2522 aut
1589 2497 1621 2522 v.
1647 2497 1678 2523 c.

271 2562 338 2594 aut
369 2555 523 2606 L(mgo)
555 2561 622 2594 aut
653 2554 718 2593 ZB
758 2567 845 2593 cum
879 2554 1044 2593 lectione
1075 2553 1226 2592 aliunde
1253 2553 1399 2605 prolata
1431 2552 1680 2597 consentiret,

272 2636 347 2663 non
381 2623 456 2662 iam
490 2636 603 2676 posse
636 2623 816 2670 dubitari,
848 2622 939 2674 quid
972 2622 999 2661 C
1031 2630 1097 2661 aut
1129 2622 1154 2660 Z
1186 2621 1427 2660 habuissent.
