<?xml version="1.0" encoding="UTF-8"?>
<!DOCTYPE html PUBLIC "-//W3C//DTD XHTML 1.0 Transitional//EN"
    "http://www.w3.org/TR/xhtml1/DTD/xhtml1-transitional.dtd">
<html xmlns="http://www.w3.org/1999/xhtml" xml:lang="en" lang="en">
 <head>
  <title>
</title>
<meta http-equiv="Content-Type" content="text/html;charset=utf-8" />
  <meta name='ocr-system' content='tesseract 3.04.00' />
  <meta name='ocr-capabilities' content='ocr_page ocr_carea ocr_par ocr_line ocrx_word'/>
</head>
<body>
  <div class='ocr_page' id='page_1' title='image "./deciceronisadatt00lehmuoft_0145.png"; bbox 0 0 1821 3077; ppageno 0'>
   <div class='ocr_carea' id='block_1_1' title="bbox 636 119 1083 160">
    <p class='ocr_par' dir='ltr' id='par_1_1' title="bbox 636 119 1083 160">
     <span class='ocr_line' id='line_1_1' title="bbox 636 119 1083 160; baseline 0 -1"><span class='ocrx_word' id='word_1_1' title='bbox 636 119 1083 160; x_wconf 86' lang='lat'>—135—</span> 
     </span>
    </p>
   </div>
   <div class='ocr_carea' id='block_1_2' title="bbox 144 236 1574 1178">
    <p class='ocr_par' dir='ltr' id='par_1_2' title="bbox 144 236 1574 1178">
     <span class='ocr_line' id='line_1_2' title="bbox 150 236 1569 290; baseline -0.001 -12"><span class='ocrx_word' id='word_1_2' title='bbox 150 241 183 278; x_wconf 88' lang='grc' dir='ltr'><em>Σ</em></span> <span class='ocrx_word' id='word_1_3' title='bbox 203 256 259 272; x_wconf 83' lang='grc'>---</span> <span class='ocrx_word' id='word_1_4' title='bbox 275 238 319 286; x_wconf 92' lang='grc' dir='ltr'>Ν,</span> <span class='ocrx_word' id='word_1_5' title='bbox 339 238 383 286; x_wconf 87' lang='grc' dir='ltr'>Ο,</span> <span class='ocrx_word' id='word_1_6' title='bbox 403 238 430 276; x_wconf 83' lang='grc' dir='ltr'>Ρ</span> <span class='ocrx_word' id='word_1_7' title='bbox 451 245 529 278; x_wconf 81' lang='lat' dir='ltr'>tam</span> <span class='ocrx_word' id='word_1_8' title='bbox 551 251 620 290; x_wconf 82' lang='lat' dir='ltr'>pro</span> <span class='ocrx_word' id='word_1_9' title='bbox 642 245 784 285; x_wconf 69' lang='lat' dir='ltr'>tamen,</span> <span class='ocrx_word' id='word_1_10' title='bbox 820 237 858 285; x_wconf 80' lang='grc' dir='ltr'>Ε,</span> <span class='ocrx_word' id='word_1_11' title='bbox 878 237 908 275; x_wconf 85' lang='grc' dir='ltr'>Π</span> <span class='ocrx_word' id='word_1_12' title='bbox 931 237 1086 276; x_wconf 73' lang='lat' dir='ltr'>absunt.</span> <span class='ocrx_word' id='word_1_13' title='bbox 1114 260 1164 264; x_wconf 45' lang='grc' dir='ltr'>-ν</span> <span class='ocrx_word' id='word_1_14' title='bbox 1189 237 1237 275; x_wconf 85' lang='lat'>111</span> <span class='ocrx_word' id='word_1_15' title='bbox 1262 236 1327 283; x_wconf 82' lang='grc'>23,</span> <span class='ocrx_word' id='word_1_16' title='bbox 1352 238 1375 275; x_wconf 70' lang='lat'><strong>4</strong></span> <span class='ocrx_word' id='word_1_17' title='bbox 1397 237 1462 276; x_wconf 70' lang='lat' dir='ltr'>sed</span> <span class='ocrx_word' id='word_1_18' title='bbox 1480 250 1569 288; x_wconf 78' lang='lat' dir='ltr'>per-</span> 
     </span>
     <span class='ocr_line' id='line_1_3' title="bbox 144 306 1570 360; baseline -0.001 -13"><span class='ocrx_word' id='word_1_19' title='bbox 144 309 275 360; x_wconf 81' lang='lat' dir='ltr'><em>ferant</em></span> <span class='ocrx_word' id='word_1_20' title='bbox 305 307 414 348; x_wconf 82' lang='lat' dir='ltr'>modo</span> <span class='ocrx_word' id='word_1_21' title='bbox 445 306 657 360; x_wconf 72' lang='lat' dir='ltr'>quz‘dlubet:</span> <span class='ocrx_word' id='word_1_22' title='bbox 689 318 765 346; x_wconf 78' lang='lat' dir='ltr'>uno</span> <span class='ocrx_word' id='word_1_23' title='bbox 788 309 918 358; x_wconf 73' lang='lat' dir='ltr'>capite,</span> <span class='ocrx_word' id='word_1_24' title='bbox 950 318 1020 358; x_wconf 75' lang='lat' dir='ltr'>quo</span> <span class='ocrx_word' id='word_1_25' title='bbox 1043 306 1248 346; x_wconf 79' lang='lat' dir='ltr'>revocabor</span> <span class='ocrx_word' id='word_1_26' title='bbox 1272 310 1311 345; x_wconf 78' lang='grc'>,1</span> <span class='ocrx_word' id='word_1_27' title='bbox 1321 319 1329 345; x_wconf 76' lang='lat'>2</span> <span class='ocrx_word' id='word_1_28' title='bbox 1362 306 1451 358; x_wconf 70' lang='lat' dir='ltr'>qm&#39;tl</span> <span class='ocrx_word' id='word_1_29' title='bbox 1471 307 1570 346; x_wconf 69' lang='lat' dir='ltr'>iubet</span> 
     </span>
     <span class='ocr_line' id='line_1_4' title="bbox 150 375 1573 428; baseline 0 -13"><span class='ocrx_word' id='word_1_30' title='bbox 150 377 250 416; x_wconf 84' lang='lat' dir='ltr'>facili</span> <span class='ocrx_word' id='word_1_31' title='bbox 288 389 418 416; x_wconf 84' lang='lat' dir='ltr'>errore</span> <span class='ocrx_word' id='word_1_32' title='bbox 457 375 496 414; x_wconf 91' lang='lat' dir='ltr'>in</span> <span class='ocrx_word' id='word_1_33' title='bbox 528 377 565 415; x_wconf 91' lang='grc' dir='ltr'><em>Σ</em></span> <span class='ocrx_word' id='word_1_34' title='bbox 603 376 791 428; x_wconf 76' lang='lat' dir='ltr'>scriptum</span> <span class='ocrx_word' id='word_1_35' title='bbox 836 375 956 415; x_wconf 84' lang='lat' dir='ltr'>fuisse</span> <span class='ocrx_word' id='word_1_36' title='bbox 995 375 1066 414; x_wconf 80' lang='lat' dir='ltr'>hae</span> <span class='ocrx_word' id='word_1_37' title='bbox 1096 375 1282 414; x_wconf 79' lang='lat' dir='ltr'>lectiones</span> <span class='ocrx_word' id='word_1_38' title='bbox 1315 376 1454 414; x_wconf 71' lang='lat' dir='ltr'>doc-ent</span> <span class='ocrx_word' id='word_1_39' title='bbox 1484 376 1573 428; x_wconf 74' lang='lat' dir='ltr'>qnid</span> 
     </span>
     <span class='ocr_line' id='line_1_5' title="bbox 151 444 1572 498; baseline -0.001 -12"><span class='ocrx_word' id='word_1_40' title='bbox 151 446 252 486; x_wconf 72' lang='lat' dir='ltr'>iubet</span> <span class='ocrx_word' id='word_1_41' title='bbox 273 445 318 494; x_wconf 93' lang='grc' dir='ltr'>Ο,</span> <span class='ocrx_word' id='word_1_42' title='bbox 337 445 378 493; x_wconf 89' lang='lat' dir='ltr'>P,</span> <span class='ocrx_word' id='word_1_43' title='bbox 400 445 490 498; x_wconf 75' lang='lat' dir='ltr'><em>quid</em></span> <span class='ocrx_word' id='word_1_44' title='bbox 509 445 636 485; x_wconf 76' lang='lat' dir='ltr'>iubent</span> <span class='ocrx_word' id='word_1_45' title='bbox 657 445 709 492; x_wconf 70' lang='grc' dir='ltr'>Ν,</span> <span class='ocrx_word' id='word_1_46' title='bbox 740 446 883 484; x_wconf 78' lang='lat' dir='ltr'>absunt</span> <span class='ocrx_word' id='word_1_47' title='bbox 913 444 954 493; x_wconf 90' lang='lat' dir='ltr'><strong>E,</strong></span> <span class='ocrx_word' id='word_1_48' title='bbox 974 444 1018 483; x_wconf 92' lang='lat' dir='ltr'>H.</span> <span class='ocrx_word' id='word_1_49' title='bbox 1050 468 1102 471; x_wconf 97' lang='lat'><strong>—</strong></span> <span class='ocrx_word' id='word_1_50' title='bbox 1125 444 1178 483; x_wconf 90' lang='lat' dir='ltr'>III</span> <span class='ocrx_word' id='word_1_51' title='bbox 1201 444 1266 491; x_wconf 82' lang='lat'>23,</span> <span class='ocrx_word' id='word_1_52' title='bbox 1291 445 1314 483; x_wconf 88' lang='lat'>5</span> <span class='ocrx_word' id='word_1_53' title='bbox 1350 444 1401 483; x_wconf 80' lang='grc' dir='ltr'>Τιι</span> <span class='ocrx_word' id='word_1_54' title='bbox 1433 446 1483 484; x_wconf 80' lang='lat' dir='ltr'>ad</span> <span class='ocrx_word' id='word_1_55' title='bbox 1514 457 1572 484; x_wconf 84' lang='lat' dir='ltr'>me</span> 
     </span>
     <span class='ocr_line' id='line_1_6' title="bbox 149 512 1570 567; baseline -0.001 -14"><span class='ocrx_word' id='word_1_56' title='bbox 149 516 258 554; x_wconf 81' lang='lat' dir='ltr'>velim</span> <span class='ocrx_word' id='word_1_57' title='bbox 282 517 473 567; x_wconf 69' lang='lat' dir='ltr'>proximis</span> <span class='ocrx_word' id='word_1_58' title='bbox 505 513 636 554; x_wconf 74' lang='lat' dir='ltr'>litteris</span> <span class='ocrx_word' id='word_1_59' title='bbox 669 518 726 553; x_wconf 68' lang='lat' dir='ltr'>J:</span> <span class='ocrx_word' id='word_1_60' title='bbox 760 522 825 554; x_wconf 75' lang='lat' dir='ltr'>ma</span> <span class='ocrx_word' id='word_1_61' title='bbox 855 514 906 554; x_wconf 78' lang='lat' dir='ltr'>acl</span> <span class='ocrx_word' id='word_1_62' title='bbox 942 527 998 553; x_wconf 85' lang='lat' dir='ltr'>me</span> <span class='ocrx_word' id='word_1_63' title='bbox 1029 512 1074 561; x_wconf 92' lang='lat' dir='ltr'><strong>N,</strong></span> <span class='ocrx_word' id='word_1_64' title='bbox 1095 513 1138 561; x_wconf 87' lang='lat' dir='ltr'><strong>H,</strong></span> <span class='ocrx_word' id='word_1_65' title='bbox 1159 513 1203 561; x_wconf 91' lang='lat' dir='ltr'><strong>O,</strong></span> <span class='ocrx_word' id='word_1_66' title='bbox 1222 513 1267 553; x_wconf 82' lang='lat' dir='ltr'>P:</span> <span class='ocrx_word' id='word_1_67' title='bbox 1299 513 1329 552; x_wconf 89' lang='lat' dir='ltr'>E</span> <span class='ocrx_word' id='word_1_68' title='bbox 1361 513 1483 553; x_wconf 78' lang='lat' dir='ltr'>abest.</span> <span class='ocrx_word' id='word_1_69' title='bbox 1517 538 1570 542; x_wconf 79' lang='lat'>-—</span> 
     </span>
     <span class='ocr_line' id='line_1_7' title="bbox 150 583 1574 637; baseline -0.001 -14"><span class='ocrx_word' id='word_1_70' title='bbox 150 584 197 623; x_wconf 93' lang='lat' dir='ltr'>IV</span> <span class='ocrx_word' id='word_1_71' title='bbox 219 583 257 631; x_wconf 84' lang='lat'><strong>2,</strong></span> <span class='ocrx_word' id='word_1_72' title='bbox 281 583 304 623; x_wconf 88' lang='grc'><strong>3</strong></span> <span class='ocrx_word' id='word_1_73' title='bbox 338 583 459 624; x_wconf 79' lang='lat' dir='ltr'>videri</span> <span class='ocrx_word' id='word_1_74' title='bbox 480 595 588 637; x_wconf 81' lang='lat' dir='ltr'>posse</span> <span class='ocrx_word' id='word_1_75' title='bbox 618 585 697 623; x_wconf 70' lang='lat' dir='ltr'>sine</span> <span class='ocrx_word' id='word_1_76' title='bbox 728 584 906 636; x_wconf 72' lang='lat' dir='ltr'>relz&#39;yione</span> <span class='ocrx_word' id='word_1_77' title='bbox 937 596 1019 623; x_wconf 85' lang='lat' dir='ltr'>eam</span> <span class='ocrx_word' id='word_1_78' title='bbox 1046 590 1196 635; x_wconf 78' lang='lat' dir='ltr'>partem</span> <span class='ocrx_word' id='word_1_79' title='bbox 1229 586 1286 622; x_wconf 70' lang='lat' dir='ltr'>A:</span> <span class='ocrx_word' id='word_1_80' title='bbox 1319 596 1389 635; x_wconf 88' lang='lat' dir='ltr'>pro</span> <span class='ocrx_word' id='word_1_81' title='bbox 1422 596 1505 622; x_wconf 83' lang='lat' dir='ltr'>eam</span> <span class='ocrx_word' id='word_1_82' title='bbox 1537 585 1574 622; x_wconf 90' lang='grc' dir='ltr'><em>Σ</em></span> 
     </span>
     <span class='ocr_line' id='line_1_8' title="bbox 150 651 1572 705; baseline 0 -13"><span class='ocrx_word' id='word_1_83' title='bbox 150 656 225 693; x_wconf 81' lang='lat' dir='ltr'>iam</span> <span class='ocrx_word' id='word_1_84' title='bbox 240 652 420 692; x_wconf 81' lang='lat' dir='ltr'>habuisse</span> <span class='ocrx_word' id='word_1_85' title='bbox 439 665 484 691; x_wconf 85' lang='lat' dir='ltr'>ex</span> <span class='ocrx_word' id='word_1_86' title='bbox 506 652 550 700; x_wconf 80' lang='grc' dir='ltr'>Ν,</span> <span class='ocrx_word' id='word_1_87' title='bbox 566 652 610 699; x_wconf 93' lang='grc' dir='ltr'>Ο,</span> <span class='ocrx_word' id='word_1_88' title='bbox 623 653 650 691; x_wconf 90' lang='lat' dir='ltr'>P</span> <span class='ocrx_word' id='word_1_89' title='bbox 672 659 849 705; x_wconf 79' lang='lat' dir='ltr'>apparet;</span> <span class='ocrx_word' id='word_1_90' title='bbox 873 652 1015 691; x_wconf 81' lang='lat' dir='ltr'>absunt</span> <span class='ocrx_word' id='word_1_91' title='bbox 1035 652 1076 699; x_wconf 85' lang='lat' dir='ltr'><strong>E,</strong></span> <span class='ocrx_word' id='word_1_92' title='bbox 1096 652 1141 690; x_wconf 92' lang='lat' dir='ltr'>H.</span> <span class='ocrx_word' id='word_1_93' title='bbox 1160 675 1212 679; x_wconf 97' lang='lat'><strong>—</strong></span> <span class='ocrx_word' id='word_1_94' title='bbox 1230 652 1277 691; x_wconf 93' lang='lat' dir='ltr'>IV</span> <span class='ocrx_word' id='word_1_95' title='bbox 1295 651 1332 699; x_wconf 90' lang='grc'>2,</span> <span class='ocrx_word' id='word_1_96' title='bbox 1351 653 1375 690; x_wconf 84' lang='grc'>4</span> <span class='ocrx_word' id='word_1_97' title='bbox 1400 665 1422 692; x_wconf 88' lang='grc' dir='ltr'><em>α</em></span> <span class='ocrx_word' id='word_1_98' title='bbox 1440 653 1572 705; x_wconf 74' lang='lat' dir='ltr'>quibus</span> 
     </span>
     <span class='ocr_line' id='line_1_9' title="bbox 150 720 1567 775; baseline -0.001 -13"><span class='ocrx_word' id='word_1_99' title='bbox 150 722 405 767; x_wconf 79' lang='lat' dir='ltr'>Marcellinus,</span> <span class='ocrx_word' id='word_1_100' title='bbox 440 720 535 775; x_wconf 76' lang='lat' dir='ltr'>&lt;qui</span> <span class='ocrx_word' id='word_1_101' title='bbox 562 720 670 774; x_wconf 78' lang='lat' dir='ltr'>erac&gt;</span> <span class='ocrx_word' id='word_1_102' title='bbox 696 722 957 773; x_wconf 71' lang='lat' dir='ltr'>cupidz&#39;ssinms</span> <span class='ocrx_word' id='word_1_103' title='bbox 988 724 1061 760; x_wconf 76' lang='lat' dir='ltr'>mei</span> <span class='ocrx_word' id='word_1_104' title='bbox 1081 724 1138 760; x_wconf 69' lang='lat' dir='ltr'>A:</span> <span class='ocrx_word' id='word_1_105' title='bbox 1172 723 1238 772; x_wconf 74' lang='lat' dir='ltr'>qui</span> <span class='ocrx_word' id='word_1_106' title='bbox 1266 729 1348 761; x_wconf 78' lang='lat' dir='ltr'>erat</span> <span class='ocrx_word' id='word_1_107' title='bbox 1378 721 1567 760; x_wconf 88' lang='lat' dir='ltr'>omissum</span> 
     </span>
     <span class='ocr_line' id='line_1_10' title="bbox 147 790 1569 842; baseline -0.001 -11"><span class='ocrx_word' id='word_1_108' title='bbox 147 792 269 831; x_wconf 88' lang='lat' dir='ltr'>fuisse</span> <span class='ocrx_word' id='word_1_109' title='bbox 290 792 328 830; x_wconf 89' lang='lat' dir='ltr'>in</span> <span class='ocrx_word' id='word_1_110' title='bbox 353 793 390 830; x_wconf 97' lang='grc' dir='ltr'><em>Σ</em></span> <span class='ocrx_word' id='word_1_111' title='bbox 408 790 613 831; x_wconf 85' lang='lat' dir='ltr'>consensio</span> <span class='ocrx_word' id='word_1_112' title='bbox 641 790 817 830; x_wconf 79' lang='lat' dir='ltr'>codicum</span> <span class='ocrx_word' id='word_1_113' title='bbox 842 790 886 838; x_wconf 93' lang='lat' dir='ltr'>N,</span> <span class='ocrx_word' id='word_1_114' title='bbox 905 790 948 837; x_wconf 91' lang='grc' dir='ltr'>Ο,</span> <span class='ocrx_word' id='word_1_115' title='bbox 970 790 996 829; x_wconf 88' lang='lat' dir='ltr'><strong>P</strong></span> <span class='ocrx_word' id='word_1_116' title='bbox 1025 790 1181 842; x_wconf 51' lang='lat' dir='ltr'>probam</span> <span class='ocrx_word' id='word_1_117' title='bbox 1214 790 1255 837; x_wconf 86' lang='lat' dir='ltr'><strong>E,</strong></span> <span class='ocrx_word' id='word_1_118' title='bbox 1275 790 1307 829; x_wconf 92' lang='lat' dir='ltr'>H</span> <span class='ocrx_word' id='word_1_119' title='bbox 1328 790 1482 829; x_wconf 81' lang='lat' dir='ltr'>absunt.</span> <span class='ocrx_word' id='word_1_120' title='bbox 1520 815 1569 817; x_wconf 28' lang='lat'>*-</span> 
     </span>
     <span class='ocr_line' id='line_1_11' title="bbox 148 860 1569 908; baseline 0 -9"><span class='ocrx_word' id='word_1_121' title='bbox 148 860 177 899; x_wconf 90' lang='lat' dir='ltr'>V</span> <span class='ocrx_word' id='word_1_122' title='bbox 195 861 257 908; x_wconf 84' lang='lat'>15,</span> <span class='ocrx_word' id='word_1_123' title='bbox 281 860 305 899; x_wconf 87' lang='lat'><strong>2</strong></span> <span class='ocrx_word' id='word_1_124' title='bbox 329 872 489 900; x_wconf 77' lang='lat' dir='ltr'>versura</span> <span class='ocrx_word' id='word_1_125' title='bbox 509 860 604 900; x_wconf 70' lang='lat' dir='ltr'>mihi</span> <span class='ocrx_word' id='word_1_126' title='bbox 621 860 842 900; x_wconf 72' lang='lat' dir='ltr'>solvendum</span> <span class='ocrx_word' id='word_1_127' title='bbox 864 863 909 900; x_wconf 79' lang='lat' dir='ltr'>sit</span> <span class='ocrx_word' id='word_1_128' title='bbox 933 863 972 899; x_wconf 77' lang='grc' dir='ltr'><em>Δ</em></span> <span class='ocrx_word' id='word_1_129' title='bbox 982 872 990 898; x_wconf 90' lang='lat'><strong>:</strong></span> <span class='ocrx_word' id='word_1_130' title='bbox 1013 872 1215 899; x_wconf 80' lang='lat' dir='ltr'>versuram</span> <span class='ocrx_word' id='word_1_131' title='bbox 1235 860 1330 899; x_wconf 72' lang='lat' dir='ltr'>mihi</span> <span class='ocrx_word' id='word_1_132' title='bbox 1349 860 1569 900; x_wconf 80' lang='lat' dir='ltr'>solvendum</span> 
     </span>
     <span class='ocr_line' id='line_1_12' title="bbox 149 928 1568 982; baseline -0.001 -12"><span class='ocrx_word' id='word_1_133' title='bbox 149 934 194 971; x_wconf 81' lang='lat' dir='ltr'>sit</span> <span class='ocrx_word' id='word_1_134' title='bbox 216 929 260 978; x_wconf 90' lang='lat' dir='ltr'>N,</span> <span class='ocrx_word' id='word_1_135' title='bbox 282 929 324 977; x_wconf 89' lang='grc' dir='ltr'>Ο,</span> <span class='ocrx_word' id='word_1_136' title='bbox 342 929 391 977; x_wconf 78' lang='grc' dir='ltr'>Ρς</span> <span class='ocrx_word' id='word_1_137' title='bbox 423 929 566 969; x_wconf 78' lang='lat' dir='ltr'>absunt</span> <span class='ocrx_word' id='word_1_138' title='bbox 588 929 629 977; x_wconf 89' lang='lat' dir='ltr'><strong>E,</strong></span> <span class='ocrx_word' id='word_1_139' title='bbox 647 929 691 968; x_wconf 89' lang='lat' dir='ltr'>H.</span> <span class='ocrx_word' id='word_1_140' title='bbox 726 954 766 958; x_wconf 76' lang='lat'>--</span> <span class='ocrx_word' id='word_1_141' title='bbox 798 929 879 968; x_wconf 69' lang='lat' dir='ltr'>VIII</span> <span class='ocrx_word' id='word_1_142' title='bbox 903 928 939 976; x_wconf 86' lang='lat'><strong>3,</strong></span> <span class='ocrx_word' id='word_1_143' title='bbox 960 929 982 968; x_wconf 97' lang='lat'>5</span> <span class='ocrx_word' id='word_1_144' title='bbox 1017 929 1109 968; x_wconf 82' lang='lat' dir='ltr'>Eam</span> <span class='ocrx_word' id='word_1_145' title='bbox 1131 931 1164 968; x_wconf 78' lang='lat' dir='ltr'>si</span> <span class='ocrx_word' id='word_1_146' title='bbox 1181 941 1283 968; x_wconf 70' lang='lat' dir='ltr'>nunc</span> <span class='ocrx_word' id='word_1_147' title='bbox 1305 941 1451 981; x_wconf 75' lang='lat' dir='ltr'>sequor,</span> <span class='ocrx_word' id='word_1_148' title='bbox 1476 942 1568 982; x_wconf 80' lang='lat' dir='ltr'>quo-</span> 
     </span>
     <span class='ocr_line' id='line_1_13' title="bbox 149 997 1570 1051; baseline -0.001 -12"><span class='ocrx_word' id='word_1_149' title='bbox 149 997 268 1040; x_wconf 74' lang='lat' dir='ltr'>nam?</span> <span class='ocrx_word' id='word_1_150' title='bbox 289 1011 371 1039; x_wconf 81' lang='lat' dir='ltr'>cum</span> <span class='ocrx_word' id='word_1_151' title='bbox 393 999 459 1039; x_wconf 74' lang='lat' dir='ltr'>illo</span> <span class='ocrx_word' id='word_1_152' title='bbox 481 1012 556 1039; x_wconf 81' lang='lat' dir='ltr'>non</span> <span class='ocrx_word' id='word_1_153' title='bbox 582 1003 638 1038; x_wconf 66' lang='lat' dir='ltr'>A:</span> <span class='ocrx_word' id='word_1_154' title='bbox 671 1001 846 1051; x_wconf 72' lang='lat' dir='ltr'>quoniam</span> <span class='ocrx_word' id='word_1_155' title='bbox 867 1011 938 1050; x_wconf 91' lang='lat' dir='ltr'>pro</span> <span class='ocrx_word' id='word_1_156' title='bbox 969 1009 1133 1050; x_wconf 75' lang='lat' dir='ltr'>quonam</span> <span class='ocrx_word' id='word_1_157' title='bbox 1164 1004 1223 1037; x_wconf 84' lang='lat' dir='ltr'>est</span> <span class='ocrx_word' id='word_1_158' title='bbox 1253 998 1292 1037; x_wconf 89' lang='lat' dir='ltr'>in</span> <span class='ocrx_word' id='word_1_159' title='bbox 1325 998 1367 1045; x_wconf 85' lang='lat' dir='ltr'><strong>E,</strong></span> <span class='ocrx_word' id='word_1_160' title='bbox 1386 998 1431 1045; x_wconf 88' lang='grc' dir='ltr'>Ο,</span> <span class='ocrx_word' id='word_1_161' title='bbox 1449 998 1490 1037; x_wconf 91' lang='lat' dir='ltr'>P.</span> <span class='ocrx_word' id='word_1_162' title='bbox 1516 1021 1570 1026; x_wconf 89' lang='lat'>-—</span> 
     </span>
     <span class='ocr_line' id='line_1_14' title="bbox 152 1067 1569 1122; baseline -0.001 -14"><span class='ocrx_word' id='word_1_163' title='bbox 152 1069 220 1109; x_wconf 71' lang='lat' dir='ltr'>CH.</span> <span class='ocrx_word' id='word_1_164' title='bbox 258 1074 454 1122; x_wconf 83' lang='lat' dir='ltr'>praeterea</span> <span class='ocrx_word' id='word_1_165' title='bbox 493 1068 678 1108; x_wconf 76' lang='lat' dir='ltr'>lectiones</span> <span class='ocrx_word' id='word_1_166' title='bbox 710 1069 748 1107; x_wconf 88' lang='grc' dir='ltr'><em>Σ</em></span> <span class='ocrx_word' id='word_1_167' title='bbox 783 1068 828 1107; x_wconf 83' lang='lat' dir='ltr'>ad</span> <span class='ocrx_word' id='word_1_168' title='bbox 860 1067 963 1115; x_wconf 83' lang='lat'><strong>120,</strong></span> <span class='ocrx_word' id='word_1_169' title='bbox 990 1068 1007 1106; x_wconf 92' lang='lat'>1</span> <span class='ocrx_word' id='word_1_170' title='bbox 1043 1074 1081 1107; x_wconf 82' lang='lat' dir='ltr'>et</span> <span class='ocrx_word' id='word_1_171' title='bbox 1112 1067 1250 1114; x_wconf 84' lang='lat'>111‚5</span> <span class='ocrx_word' id='word_1_172' title='bbox 1293 1080 1408 1120; x_wconf 83' lang='lat' dir='ltr'>supra</span> <span class='ocrx_word' id='word_1_173' title='bbox 1448 1081 1484 1120; x_wconf 88' lang='lat' dir='ltr'>p.</span> <span class='ocrx_word' id='word_1_174' title='bbox 1517 1068 1569 1107; x_wconf 76' lang='lat'>46</span> 
     </span>
     <span class='ocr_line' id='line_1_15' title="bbox 151 1138 294 1178; baseline -0.007 -1"><span class='ocrx_word' id='word_1_175' title='bbox 151 1138 294 1178; x_wconf 80' lang='lat' dir='ltr'>allatas.</span> 
     </span>
    </p>
   </div>
   <div class='ocr_carea' id='block_1_3' title="bbox 149 1217 1570 1473">
    <p class='ocr_par' dir='ltr' id='par_1_3' title="bbox 149 1217 1570 1473">
     <span class='ocr_line' id='line_1_16' title="bbox 262 1217 1570 1269; baseline -0.001 -11"><span class='ocrx_word' id='word_1_176' title='bbox 262 1218 454 1266; x_wconf 85' lang='lat' dir='ltr'>Quoniam</span> <span class='ocrx_word' id='word_1_177' title='bbox 478 1217 678 1258; x_wconf 84' lang='lat' dir='ltr'><strong>ENHORP</strong></span> <span class='ocrx_word' id='word_1_178' title='bbox 711 1225 750 1257; x_wconf 80' lang='lat' dir='ltr'>et</span> <span class='ocrx_word' id='word_1_179' title='bbox 781 1217 914 1257; x_wconf 82' lang='lat' dir='ltr'>multis</span> <span class='ocrx_word' id='word_1_180' title='bbox 947 1217 1104 1269; x_wconf 82' lang='lat' dir='ltr'>optimis</span> <span class='ocrx_word' id='word_1_181' title='bbox 1125 1218 1359 1257; x_wconf 82' lang='lat' dir='ltr'>lectionibus</span> <span class='ocrx_word' id='word_1_182' title='bbox 1391 1225 1430 1258; x_wconf 74' lang='lat' dir='ltr'>eL</span> <span class='ocrx_word' id='word_1_183' title='bbox 1461 1232 1570 1258; x_wconf 82' lang='lat' dir='ltr'>com-</span> 
     </span>
     <span class='ocr_line' id='line_1_17' title="bbox 150 1286 1569 1336; baseline 0 -9"><span class='ocrx_word' id='word_1_184' title='bbox 150 1287 334 1327; x_wconf 89' lang='lat' dir='ltr'>munibus</span> <span class='ocrx_word' id='word_1_185' title='bbox 373 1287 571 1327; x_wconf 86' lang='lat' dir='ltr'>erroribus</span> <span class='ocrx_word' id='word_1_186' title='bbox 609 1286 874 1334; x_wconf 71' lang='lat' dir='ltr'>consentiunt,</span> <span class='ocrx_word' id='word_1_187' title='bbox 915 1293 1019 1326; x_wconf 78' lang='lat' dir='ltr'>recte</span> <span class='ocrx_word' id='word_1_188' title='bbox 1060 1287 1173 1326; x_wconf 87' lang='lat' dir='ltr'>nobis</span> <span class='ocrx_word' id='word_1_189' title='bbox 1205 1287 1348 1327; x_wconf 82' lang='lat' dir='ltr'>dixisse</span> <span class='ocrx_word' id='word_1_190' title='bbox 1380 1287 1569 1336; x_wconf 83' lang='lat' dir='ltr'>videmur,</span> 
     </span>
     <span class='ocr_line' id='line_1_18' title="bbox 149 1355 1570 1409; baseline 0.001 -13"><span class='ocrx_word' id='word_1_191' title='bbox 149 1356 195 1396; x_wconf 88' lang='lat' dir='ltr'>de</span> <span class='ocrx_word' id='word_1_192' title='bbox 227 1358 264 1397; x_wconf 72' lang='lat'>52</span> <span class='ocrx_word' id='word_1_193' title='bbox 303 1357 380 1396; x_wconf 92' lang='lat' dir='ltr'>duo</span> <span class='ocrx_word' id='word_1_194' title='bbox 417 1356 568 1396; x_wconf 86' lang='lat' dir='ltr'>codices</span> <span class='ocrx_word' id='word_1_195' title='bbox 599 1355 721 1395; x_wconf 83' lang='lat' dir='ltr'>fuisse</span> <span class='ocrx_word' id='word_1_196' title='bbox 752 1356 967 1407; x_wconf 78' lang='lat' dir='ltr'>descriptos</span> <span class='ocrx_word' id='word_1_197' title='bbox 998 1357 1035 1395; x_wconf 84' lang='grc' dir='ltr'><em>Σ</em></span> <span class='ocrx_word' id='word_1_198' title='bbox 1064 1364 1102 1395; x_wconf 79' lang='lat' dir='ltr'>et</span> <span class='ocrx_word' id='word_1_199' title='bbox 1134 1360 1186 1404; x_wconf 81' lang='grc' dir='ltr'>Δ,</span> <span class='ocrx_word' id='word_1_200' title='bbox 1233 1369 1279 1395; x_wconf 89' lang='lat' dir='ltr'>ex</span> <span class='ocrx_word' id='word_1_201' title='bbox 1311 1358 1348 1396; x_wconf 91' lang='grc' dir='ltr'><em>Σ</em></span> <span class='ocrx_word' id='word_1_202' title='bbox 1374 1360 1570 1409; x_wconf 80' lang='lat' dir='ltr'>profectos</span> 
     </span>
     <span class='ocr_line' id='line_1_19' title="bbox 149 1424 956 1473; baseline -0.002 -8"><span class='ocrx_word' id='word_1_203' title='bbox 149 1438 233 1465; x_wconf 87' lang='lat' dir='ltr'>esse</span> <span class='ocrx_word' id='word_1_204' title='bbox 264 1424 480 1473; x_wconf 87' lang='lat' dir='ltr'><strong>ENHORP,</strong></span> <span class='ocrx_word' id='word_1_205' title='bbox 513 1438 557 1465; x_wconf 88' lang='lat' dir='ltr'>ex</span> <span class='ocrx_word' id='word_1_206' title='bbox 590 1429 630 1465; x_wconf 81' lang='grc' dir='ltr'><em>Δ</em></span> <span class='ocrx_word' id='word_1_207' title='bbox 662 1437 752 1465; x_wconf 87' lang='lat' dir='ltr'>vero</span> <span class='ocrx_word' id='word_1_208' title='bbox 784 1424 821 1464; x_wconf 89' lang='lat' dir='ltr'><strong>M</strong></span> <span class='ocrx_word' id='word_1_209' title='bbox 854 1433 893 1465; x_wconf 84' lang='lat' dir='ltr'>et</span> <span class='ocrx_word' id='word_1_210' title='bbox 924 1437 956 1464; x_wconf 91' lang='grc'>5.</span> 
     </span>
    </p>
   </div>
   <div class='ocr_carea' id='block_1_4' title="bbox 532 1587 1186 1636">
    <p class='ocr_par' dir='ltr' id='par_1_4' title="bbox 532 1587 1186 1636">
     <span class='ocr_line' id='line_1_20' title="bbox 532 1587 1186 1636; baseline -0.002 -10"><span class='ocrx_word' id='word_1_211' title='bbox 532 1587 572 1625; x_wconf 89' lang='grc' dir='ltr'><strong>Σ</strong></span> <span class='ocrx_word' id='word_1_212' title='bbox 601 1601 683 1626; x_wconf 89' lang='lat' dir='ltr'>non</span> <span class='ocrx_word' id='word_1_213' title='bbox 714 1592 811 1626; x_wconf 87' lang='lat' dir='ltr'>sunt</span> <span class='ocrx_word' id='word_1_214' title='bbox 843 1591 1018 1636; x_wconf 78' lang='lat' dir='ltr'>profecti</span> <span class='ocrx_word' id='word_1_215' title='bbox 1050 1600 1102 1626; x_wconf 82' lang='lat' dir='ltr'>ex</span> <span class='ocrx_word' id='word_1_216' title='bbox 1133 1590 1186 1626; x_wconf 79' lang='lat' dir='ltr'>M.</span> 
     </span>
    </p>
   </div>
   <div class='ocr_carea' id='block_1_5' title="bbox 148 1684 1569 2430">
    <p class='ocr_par' dir='ltr' id='par_1_5' title="bbox 148 1684 1569 2430">
     <span class='ocr_line' id='line_1_21' title="bbox 264 1684 1565 1737; baseline 0.001 -13"><span class='ocrx_word' id='word_1_217' title='bbox 264 1685 345 1724; x_wconf 84' lang='lat' dir='ltr'>Erit</span> <span class='ocrx_word' id='word_1_218' title='bbox 375 1692 518 1732; x_wconf 76' lang='lat' dir='ltr'>autem,</span> <span class='ocrx_word' id='word_1_219' title='bbox 548 1685 616 1737; x_wconf 88' lang='lat' dir='ltr'>qui</span> <span class='ocrx_word' id='word_1_220' title='bbox 647 1684 748 1724; x_wconf 82' lang='lat' dir='ltr'>dicat</span> <span class='ocrx_word' id='word_1_221' title='bbox 769 1686 806 1724; x_wconf 91' lang='grc' dir='ltr'><em>Σ</em></span> <span class='ocrx_word' id='word_1_222' title='bbox 834 1698 879 1724; x_wconf 89' lang='lat' dir='ltr'>ex</span> <span class='ocrx_word' id='word_1_223' title='bbox 908 1684 942 1723; x_wconf 83' lang='lat' dir='ltr'><strong>M</strong></span> <span class='ocrx_word' id='word_1_224' title='bbox 974 1690 1223 1736; x_wconf 69' lang='lat' dir='ltr'>prognatum,</span> <span class='ocrx_word' id='word_1_225' title='bbox 1255 1690 1343 1736; x_wconf 79' lang='lat' dir='ltr'>post</span> <span class='ocrx_word' id='word_1_226' title='bbox 1375 1685 1412 1723; x_wconf 87' lang='lat' dir='ltr'>in</span> <span class='ocrx_word' id='word_1_227' title='bbox 1446 1685 1565 1725; x_wconf 80' lang='lat' dir='ltr'>istum</span> 
     </span>
     <span class='ocr_line' id='line_1_22' title="bbox 149 1754 1566 1806; baseline 0 -12"><span class='ocrx_word' id='word_1_228' title='bbox 149 1755 320 1795; x_wconf 85' lang='lat' dir='ltr'>codicem</span> <span class='ocrx_word' id='word_1_229' title='bbox 345 1756 382 1794; x_wconf 90' lang='grc' dir='ltr'><em>Σ</em></span> <span class='ocrx_word' id='word_1_230' title='bbox 409 1767 453 1793; x_wconf 83' lang='lat' dir='ltr'>ex</span> <span class='ocrx_word' id='word_1_231' title='bbox 475 1755 601 1806; x_wconf 82' lang='lat' dir='ltr'>aliquo</span> <span class='ocrx_word' id='word_1_232' title='bbox 624 1754 783 1794; x_wconf 83' lang='lat' dir='ltr'>meliore</span> <span class='ocrx_word' id='word_1_233' title='bbox 813 1754 910 1793; x_wconf 85' lang='lat' dir='ltr'>libro</span> <span class='ocrx_word' id='word_1_234' title='bbox 944 1754 1086 1793; x_wconf 75' lang='lat' dir='ltr'>multas</span> <span class='ocrx_word' id='word_1_235' title='bbox 1107 1760 1223 1805; x_wconf 73' lang='lat' dir='ltr'>atque</span> <span class='ocrx_word' id='word_1_236' title='bbox 1244 1766 1354 1793; x_wconf 82' lang='lat' dir='ltr'>veras</span> <span class='ocrx_word' id='word_1_237' title='bbox 1380 1754 1566 1794; x_wconf 76' lang='lat' dir='ltr'>lectiones</span> 
     </span>
     <span class='ocr_line' id='line_1_23' title="bbox 150 1823 1566 1875; baseline 0 -11"><span class='ocrx_word' id='word_1_238' title='bbox 150 1825 318 1864; x_wconf 80' lang='lat' dir='ltr'>invectas</span> <span class='ocrx_word' id='word_1_239' title='bbox 350 1837 446 1863; x_wconf 83' lang='lat' dir='ltr'>esse.</span> <span class='ocrx_word' id='word_1_240' title='bbox 495 1823 575 1863; x_wconf 84' lang='lat' dir='ltr'>Etsi</span> <span class='ocrx_word' id='word_1_241' title='bbox 607 1836 678 1863; x_wconf 88' lang='lat' dir='ltr'>nos</span> <span class='ocrx_word' id='word_1_242' title='bbox 710 1836 787 1862; x_wconf 86' lang='grc'><strong>11011</strong></span> <span class='ocrx_word' id='word_1_243' title='bbox 820 1830 1004 1875; x_wconf 76' lang='lat' dir='ltr'>putamus</span> <span class='ocrx_word' id='word_1_244' title='bbox 1036 1829 1215 1862; x_wconf 81' lang='lat' dir='ltr'>nostrum</span> <span class='ocrx_word' id='word_1_245' title='bbox 1254 1836 1351 1871; x_wconf 83' lang='lat' dir='ltr'>esse,</span> <span class='ocrx_word' id='word_1_246' title='bbox 1383 1823 1419 1862; x_wconf 84' lang='lat' dir='ltr'>id</span> <span class='ocrx_word' id='word_1_247' title='bbox 1451 1826 1566 1864; x_wconf 83' lang='lat' dir='ltr'>refel—</span> 
     </span>
     <span class='ocr_line' id='line_1_24' title="bbox 148 1893 1566 1946; baseline 0.001 -14"><span class='ocrx_word' id='word_1_248' title='bbox 148 1895 226 1934; x_wconf 92' lang='lat' dir='ltr'>lere</span> <span class='ocrx_word' id='word_1_249' title='bbox 263 1894 366 1946; x_wconf 80' lang='lat' dir='ltr'>quod</span> <span class='ocrx_word' id='word_1_250' title='bbox 410 1906 479 1932; x_wconf 80' lang='lat' dir='ltr'>eur</span> <span class='ocrx_word' id='word_1_251' title='bbox 515 1893 693 1932; x_wconf 75' lang='lat' dir='ltr'>credatur</span> <span class='ocrx_word' id='word_1_252' title='bbox 726 1893 869 1932; x_wconf 83' lang='lat' dir='ltr'>nullam</span> <span class='ocrx_word' id='word_1_253' title='bbox 903 1906 988 1932; x_wconf 84' lang='lat' dir='ltr'>esse</span> <span class='ocrx_word' id='word_1_254' title='bbox 1020 1905 1177 1932; x_wconf 81' lang='lat' dir='ltr'>eausam</span> <span class='ocrx_word' id='word_1_255' title='bbox 1209 1906 1325 1945; x_wconf 81' lang='lat' dir='ltr'>supra</span> <span class='ocrx_word' id='word_1_256' title='bbox 1356 1906 1392 1945; x_wconf 90' lang='lat' dir='ltr'>p.</span> <span class='ocrx_word' id='word_1_257' title='bbox 1418 1894 1441 1932; x_wconf 91' lang='lat'>5</span> <span class='ocrx_word' id='word_1_258' title='bbox 1474 1898 1511 1932; x_wconf 79' lang='lat' dir='ltr'>et</span> <span class='ocrx_word' id='word_1_259' title='bbox 1543 1894 1566 1934; x_wconf 83' lang='lat'>8</span> 
     </span>
     <span class='ocr_line' id='line_1_25' title="bbox 149 1962 1567 2015; baseline -0.001 -12"><span class='ocrx_word' id='word_1_260' title='bbox 149 1970 187 2004; x_wconf 83' lang='lat' dir='ltr'>et</span> <span class='ocrx_word' id='word_1_261' title='bbox 211 1963 261 2003; x_wconf 80' lang='lat'>16</span> <span class='ocrx_word' id='word_1_262' title='bbox 293 1963 559 2015; x_wconf 82' lang='lat' dir='ltr'><strong>exposuimus,</strong></span> <span class='ocrx_word' id='word_1_263' title='bbox 591 1969 720 2002; x_wconf 81' lang='lat' dir='ltr'>tamen</span> <span class='ocrx_word' id='word_1_264' title='bbox 748 1963 850 2014; x_wconf 85' lang='lat' dir='ltr'>quod</span> <span class='ocrx_word' id='word_1_265' title='bbox 884 1962 1081 2014; x_wconf 75' lang='lat' dir='ltr'>negotium</span> <span class='ocrx_word' id='word_1_266' title='bbox 1110 1962 1219 2001; x_wconf 80' lang='lat' dir='ltr'>facile</span> <span class='ocrx_word' id='word_1_267' title='bbox 1251 1962 1456 2002; x_wconf 73' lang='lat' dir='ltr'>con-ficitur</span> <span class='ocrx_word' id='word_1_268' title='bbox 1488 1976 1567 2002; x_wconf 89' lang='lat' dir='ltr'>non</span> 
     </span>
     <span class='ocr_line' id='line_1_26' title="bbox 150 2031 1567 2084; baseline 0 -13"><span class='ocrx_word' id='word_1_269' title='bbox 150 2033 253 2071; x_wconf 85' lang='lat' dir='ltr'>nulla</span> <span class='ocrx_word' id='word_1_270' title='bbox 299 2032 345 2070; x_wconf 70' lang='grc'>«16</span> <span class='ocrx_word' id='word_1_271' title='bbox 390 2044 432 2070; x_wconf 83' lang='lat' dir='ltr'>ea</span> <span class='ocrx_word' id='word_1_272' title='bbox 479 2043 520 2070; x_wconf 83' lang='lat' dir='ltr'>re</span> <span class='ocrx_word' id='word_1_273' title='bbox 556 2031 856 2084; x_wconf 76' lang='lat' dir='ltr'>disputabimus.</span> <span class='ocrx_word' id='word_1_274' title='bbox 918 2031 1108 2070; x_wconf 82' lang='lat' dir='ltr'>Nolumus</span> <span class='ocrx_word' id='word_1_275' title='bbox 1154 2037 1284 2071; x_wconf 83' lang='lat' dir='ltr'>autem</span> <span class='ocrx_word' id='word_1_276' title='bbox 1331 2031 1405 2070; x_wconf 84' lang='lat' dir='ltr'>hoo</span> <span class='ocrx_word' id='word_1_277' title='bbox 1453 2032 1567 2071; x_wconf 80' lang='lat' dir='ltr'>modo</span> 
     </span>
     <span class='ocr_line' id='line_1_27' title="bbox 149 2098 1567 2152; baseline 0 -12"><span class='ocrx_word' id='word_1_278' title='bbox 149 2100 387 2141; x_wconf 78' lang='lat' dir='ltr'>ratiocinari:</span> <span class='ocrx_word' id='word_1_279' title='bbox 420 2100 450 2139; x_wconf 87' lang='lat' dir='ltr'>E</span> <span class='ocrx_word' id='word_1_280' title='bbox 471 2113 542 2140; x_wconf 88' lang='lat' dir='ltr'>nos</span> <span class='ocrx_word' id='word_1_281' title='bbox 565 2101 815 2140; x_wconf 75' lang='lat' dir='ltr'>vetustiorem</span> <span class='ocrx_word' id='word_1_282' title='bbox 840 2113 955 2152; x_wconf 82' lang='lat' dir='ltr'>quam</span> <span class='ocrx_word' id='word_1_283' title='bbox 978 2100 1014 2138; x_wconf 89' lang='lat' dir='ltr'><strong>M</strong></span> <span class='ocrx_word' id='word_1_284' title='bbox 1043 2113 1126 2139; x_wconf 85' lang='lat' dir='ltr'>esse</span> <span class='ocrx_word' id='word_1_285' title='bbox 1149 2098 1393 2152; x_wconf 80' lang='lat' dir='ltr'>putamus*)‚</span> <span class='ocrx_word' id='word_1_286' title='bbox 1425 2101 1567 2152; x_wconf 78' lang='lat' dir='ltr'>itaque,</span> 
     </span>
     <span class='ocr_line' id='line_1_28' title="bbox 148 2170 1566 2222; baseline -0.001 -12"><span class='ocrx_word' id='word_1_287' title='bbox 148 2170 331 2222; x_wconf 86' lang='lat' dir='ltr'>quoniam</span> <span class='ocrx_word' id='word_1_288' title='bbox 361 2171 386 2208; x_wconf 61' lang='grc' dir='ltr'>ἐζ</span> <span class='ocrx_word' id='word_1_289' title='bbox 409 2183 453 2209; x_wconf 85' lang='lat' dir='ltr'>ex</span> <span class='ocrx_word' id='word_1_290' title='bbox 476 2171 513 2209; x_wconf 91' lang='grc' dir='ltr'><em>Σ</em></span> <span class='ocrx_word' id='word_1_291' title='bbox 530 2177 744 2222; x_wconf 75' lang='lat' dir='ltr'>prognatus</span> <span class='ocrx_word' id='word_1_292' title='bbox 767 2176 823 2209; x_wconf 85' lang='lat' dir='ltr'>est</span> <span class='ocrx_word' id='word_1_293' title='bbox 847 2177 885 2210; x_wconf 78' lang='lat' dir='ltr'>et</span> <span class='ocrx_word' id='word_1_294' title='bbox 907 2182 993 2209; x_wconf 88' lang='lat' dir='ltr'>cum</span> <span class='ocrx_word' id='word_1_295' title='bbox 1018 2170 1190 2209; x_wconf 88' lang='lat' dir='ltr'><strong>NHORP</strong></span> <span class='ocrx_word' id='word_1_296' title='bbox 1213 2170 1377 2209; x_wconf 80' lang='lat' dir='ltr'>arctiore</span> <span class='ocrx_word' id='word_1_297' title='bbox 1398 2172 1566 2222; x_wconf 85' lang='lat' dir='ltr'>quodam</span> 
     </span>
     <span class='ocr_line' id='line_1_29' title="bbox 148 2239 1569 2291; baseline 0.001 -14"><span class='ocrx_word' id='word_1_298' title='bbox 148 2239 300 2278; x_wconf 84' lang='lat' dir='ltr'>vinculo</span> <span class='ocrx_word' id='word_1_299' title='bbox 332 2239 564 2278; x_wconf 77' lang='lat' dir='ltr'>coniunctus</span> <span class='ocrx_word' id='word_1_300' title='bbox 596 2246 666 2286; x_wconf 81' lang='lat' dir='ltr'>est,</span> <span class='ocrx_word' id='word_1_301' title='bbox 700 2252 746 2278; x_wconf 88' lang='lat' dir='ltr'>ne</span> <span class='ocrx_word' id='word_1_302' title='bbox 777 2246 904 2291; x_wconf 72' lang='lat' dir='ltr'>potest</span> <span class='ocrx_word' id='word_1_303' title='bbox 934 2239 1090 2290; x_wconf 85' lang='lat' dir='ltr'>quidem</span> <span class='ocrx_word' id='word_1_304' title='bbox 1114 2241 1152 2278; x_wconf 89' lang='grc' dir='ltr'><em>Σ</em></span> <span class='ocrx_word' id='word_1_305' title='bbox 1179 2252 1225 2278; x_wconf 84' lang='lat' dir='ltr'>ex</span> <span class='ocrx_word' id='word_1_306' title='bbox 1248 2239 1416 2279; x_wconf 80' lang='lat' dir='ltr'>Medioeo</span> <span class='ocrx_word' id='word_1_307' title='bbox 1438 2240 1569 2279; x_wconf 76' lang='lat' dir='ltr'>codice</span> 
     </span>
     <span class='ocr_line' id='line_1_30' title="bbox 148 2307 1566 2360; baseline 0 -13"><span class='ocrx_word' id='word_1_308' title='bbox 148 2308 346 2360; x_wconf 82' lang='lat' dir='ltr'>profectus</span> <span class='ocrx_word' id='word_1_309' title='bbox 377 2321 474 2347; x_wconf 84' lang='lat' dir='ltr'>esse.</span> <span class='ocrx_word' id='word_1_310' title='bbox 526 2307 620 2347; x_wconf 81' lang='lat' dir='ltr'>Nam</span> <span class='ocrx_word' id='word_1_311' title='bbox 655 2315 698 2349; x_wconf 72' lang='lat' dir='ltr'>ut</span> <span class='ocrx_word' id='word_1_312' title='bbox 730 2314 810 2348; x_wconf 76' lang='lat' dir='ltr'>toto</span> <span class='ocrx_word' id='word_1_313' title='bbox 842 2308 970 2348; x_wconf 82' lang='lat' dir='ltr'>libello</span> <span class='ocrx_word' id='word_1_314' title='bbox 1002 2308 1052 2348; x_wconf 78' lang='lat' dir='ltr'>ita</span> <span class='ocrx_word' id='word_1_315' title='bbox 1085 2309 1198 2347; x_wconf 79' lang='lat' dir='ltr'>etiam</span> <span class='ocrx_word' id='word_1_316' title='bbox 1234 2309 1411 2348; x_wconf 84' lang='lat' dir='ltr'>hocloco</span> <span class='ocrx_word' id='word_1_317' title='bbox 1434 2308 1566 2347; x_wconf 80' lang='lat' dir='ltr'>lectio—</span> 
     </span>
     <span class='ocr_line' id='line_1_31' title="bbox 149 2377 954 2430; baseline 0 -14"><span class='ocrx_word' id='word_1_318' title='bbox 149 2377 264 2416; x_wconf 89' lang='lat' dir='ltr'>nibus</span> <span class='ocrx_word' id='word_1_319' title='bbox 296 2389 377 2416; x_wconf 88' lang='lat' dir='ltr'>rem</span> <span class='ocrx_word' id='word_1_320' title='bbox 411 2389 590 2428; x_wconf 81' lang='lat' dir='ltr'>geremus</span> <span class='ocrx_word' id='word_1_321' title='bbox 621 2384 659 2417; x_wconf 77' lang='lat' dir='ltr'>et</span> <span class='ocrx_word' id='word_1_322' title='bbox 690 2377 954 2430; x_wconf 84' lang='lat' dir='ltr'>expediemus.</span> 
     </span>
    </p>
   </div>
   <div class='ocr_carea' id='block_1_6' title="bbox 151 2492 364 2497">
    <p class='ocr_par' dir='ltr' id='par_1_6' title="bbox 151 2492 364 2497">
     <span class='ocr_line' id='line_1_32' title="bbox 151 2492 364 2497; baseline 0 0"><span class='ocrx_word' id='word_1_323' title='bbox 151 2492 364 2497; x_wconf 95' lang='lat' dir='ltr'> </span> 
     </span>
    </p>
   </div>
   <div class='ocr_carea' id='block_1_7' title="bbox 151 2557 1564 2710">
    <p class='ocr_par' dir='ltr' id='par_1_7' title="bbox 151 2557 1564 2710">
     <span class='ocr_line' id='line_1_33' title="bbox 241 2557 1564 2601; baseline -0.002 -9"><span class='ocrx_word' id='word_1_324' title='bbox 241 2558 271 2599; x_wconf 84' lang='lat'>*)</span> <span class='ocrx_word' id='word_1_325' title='bbox 297 2559 463 2592; x_wconf 63' lang='lat' dir='ltr'>Verentur</span> <span class='ocrx_word' id='word_1_326' title='bbox 491 2570 529 2589; x_wconf 85' lang='grc'><strong>116</strong></span> <span class='ocrx_word' id='word_1_327' title='bbox 555 2559 640 2600; x_wconf 83' lang='lat' dir='ltr'>quis,</span> <span class='ocrx_word' id='word_1_328' title='bbox 678 2559 705 2590; x_wconf 76' lang='lat' dir='ltr'>si</span> <span class='ocrx_word' id='word_1_329' title='bbox 734 2559 758 2589; x_wconf 75' lang='grc' dir='ltr'>Ε</span> <span class='ocrx_word' id='word_1_330' title='bbox 786 2559 986 2601; x_wconf 79' lang='lat' dir='ltr'>inspexerit,</span> <span class='ocrx_word' id='word_1_331' title='bbox 1025 2569 1084 2590; x_wconf 88' lang='lat' dir='ltr'>nos</span> <span class='ocrx_word' id='word_1_332' title='bbox 1112 2557 1347 2600; x_wconf 80' lang='lat' dir='ltr'>reprehendat,</span> <span class='ocrx_word' id='word_1_333' title='bbox 1382 2559 1465 2599; x_wconf 85' lang='lat' dir='ltr'>quod</span> <span class='ocrx_word' id='word_1_334' title='bbox 1499 2563 1564 2590; x_wconf 86' lang='lat' dir='ltr'>tam</span> 
     </span>
     <span class='ocr_line' id='line_1_34' title="bbox 151 2611 1564 2655; baseline -0.001 -10"><span class='ocrx_word' id='word_1_335' title='bbox 151 2614 345 2646; x_wconf 83' lang='lat' dir='ltr'>dubitanter</span> <span class='ocrx_word' id='word_1_336' title='bbox 372 2615 410 2645; x_wconf 85' lang='lat' dir='ltr'>de</span> <span class='ocrx_word' id='word_1_337' title='bbox 439 2623 473 2645; x_wconf 86' lang='lat' dir='ltr'>re</span> <span class='ocrx_word' id='word_1_338' title='bbox 502 2625 564 2645; x_wconf 87' lang='lat' dir='ltr'>uon</span> <span class='ocrx_word' id='word_1_339' title='bbox 590 2613 686 2644; x_wconf 80' lang='lat' dir='ltr'>dubia</span> <span class='ocrx_word' id='word_1_340' title='bbox 714 2614 902 2655; x_wconf 74' lang='lat' dir='ltr'>loquamur:</span> <span class='ocrx_word' id='word_1_341' title='bbox 929 2614 1092 2646; x_wconf 76' lang='lat' dir='ltr'>malumus</span> <span class='ocrx_word' id='word_1_342' title='bbox 1119 2623 1198 2645; x_wconf 84' lang='lat' dir='ltr'>vero</span> <span class='ocrx_word' id='word_1_343' title='bbox 1219 2611 1323 2643; x_wconf 72' lang='lat' dir='ltr'>falsae</span> <span class='ocrx_word' id='word_1_344' title='bbox 1342 2612 1564 2644; x_wconf 73' lang='lat' dir='ltr'>dubitationis</span> 
     </span>
     <span class='ocr_line' id='line_1_35' title="bbox 151 2668 788 2710; baseline 0 -11"><span class='ocrx_word' id='word_1_345' title='bbox 151 2678 245 2710; x_wconf 77' lang='lat' dir='ltr'>quam</span> <span class='ocrx_word' id='word_1_346' title='bbox 273 2668 490 2709; x_wconf 75' lang='lat' dir='ltr'>arrogantiae</span> <span class='ocrx_word' id='word_1_347' title='bbox 517 2668 656 2699; x_wconf 73' lang='lat' dir='ltr'>crimine</span> <span class='ocrx_word' id='word_1_348' title='bbox 683 2668 788 2707; x_wconf 80' lang='lat' dir='ltr'>argui.</span> 
     </span>
    </p>
   </div>
  </div>
 </body>
</html>
