1821 3077
552 126 997 166 *119—

63 247 223 299 antiquo
253 246 384 286 codice
417 243 479 284 ἔτι
513 243 651 297 ἐῶμεν
681 245 824 283 adfert:
864 243 994 295 itaque
1024 255 1095 282 nos
1127 242 1218 294 quid
1254 254 1295 281 re
1329 254 1413 281 vera
1447 243 1484 281 in

64 317 90 356 Z
122 316 239 356 fuerit
267 316 505 367 ignoramus.
538 337 590 342 —
623 313 675 353 De
707 314 734 353 C
765 313 813 352 cf.
846 324 963 364 supra
993 325 1032 364 p.
1057 310 1108 351 83
1134 324 1218 362 squ.

177 383 478 436 Diligentissime
514 383 553 422 in
592 383 638 422 iis
677 381 880 421 sententiis
912 393 1008 432 quas
1039 387 1189 419 veteres
1221 379 1405 432 philologi
1438 393 1484 419 ex

64 454 144 494 suis
194 453 390 493 codicibus
439 453 620 492 adferunt
666 449 1050 491 animadvertendum
1099 448 1335 496 iudicamus,
1388 462 1487 500 quae

64 523 248 562 vocabula
285 522 343 562 vel
380 522 483 574 quod
521 521 751 560 vocabulum
791 533 837 559 ex
867 532 909 559 ea
941 518 1133 558 sententia
1165 531 1263 570 quae
1297 525 1486 557 tractatur

65 592 242 632 codicum
299 591 440 631 auxilio
491 591 683 641 corrigere
733 589 872 636 velint,
930 601 1056 640 neque
1107 588 1210 627 enim
1263 600 1350 626 raro
1403 588 1486 626 fieri

64 668 262 714 putamus,
296 667 339 700 ut
368 668 518 700 veteres
549 658 745 711 philologi,
779 671 856 709 quo
888 657 1039 696 facilius
1067 656 1093 696 ii
1121 656 1188 708 qui
1209 656 1340 707 legant
1372 669 1485 696 voca-

64 731 153 770 bula
198 730 309 770 allata
355 730 395 769 in
438 729 520 768 suis
556 728 665 767 libris
702 727 914 769 inveniant,
964 732 1062 765 totas
1094 726 1306 765 sententias
1340 733 1488 778 ponant

64 806 181 852 atque
226 799 279 839 ita
325 799 530 838 adfirmare
576 797 792 843 videantur,
840 809 880 835 se
927 795 1055 835 omnia
1097 808 1138 834 ea
1178 795 1292 834 verba
1332 795 1371 834 in
1405 796 1487 835 suis

65 868 263 909 codicibus
303 867 509 915 invenisse,
557 879 645 906 cum
686 879 727 905 re
766 878 851 905 vera
893 877 1012 904 unum
1053 864 1284 904 vocabulum
1319 865 1377 904 vel
1408 865 1484 904 duo

65 937 246 977 vocabula
293 949 381 977 cum
425 936 624 976 codicibus
667 934 904 974 contulerint
940 933 1211 985 reliquamque
1247 934 1482 973 sententiam

65 1019 110 1046 ex
141 1006 309 1046 editione
339 1006 465 1058 aliqua
497 1005 697 1045 hauriant:

177 1075 229 1114 XI
252 1075 289 1123 2,
315 1077 334 1114 1
375 1087 424 1115 em
461 1075 696 1115 multe‘ssz‘mz's
734 1075 952 1113 miserrimis
984 1072 1126 1111 habent
1158 1071 1205 1116 M,
1230 1086 1260 1118 s,
1283 1072 1326 1118 R,
1351 1072 1393 1118 P,
1413 1072 1486 1114 02:

64 1145 193 1185 multis
209 1148 298 1185 meis
316 1144 592 1190 miserr.C,O¹;
617 1143 668 1183 02
686 1155 764 1182 non
783 1143 884 1182 delet
906 1144 1014 1190 mez‘s3
1037 1141 1084 1180 L2
1102 1141 1261 1180 adnotat
1280 1146 1340 1181 ‘em
1358 1141 1486 1181 midtz‘s

64 1217 164 1261 meis,
197 1222 231 1254 et
260 1217 407 1254 miserr.
439 1216 542 1253 curis
573 1220 625 1252 est
654 1225 735 1252 una
767 1209 908 1264 levata]
943 1210 998 1250 sic
1020 1210 1136 1250 habet
1157 1210 1268 1262 plane
1292 1210 1481 1262 scriptum

64 1283 183 1324 codex
214 1283 502 1322 Turnesianus:
550 1288 666 1334 atque
705 1281 754 1320 ita
793 1279 1020 1332 legendum:
1068 1280 1171 1331 quod
1214 1279 1360 1318 viderat
1391 1279 1485 1319 Cor—

63 1353 195 1401 radus,
241 1353 332 1400 sola,
382 1360 426 1392 ut
456 1358 626 1404 apparet,
674 1350 896 1390 coniectura
929 1349 1081 1388 ductus.
1124 1361 1230 1388 nunc
1260 1348 1355 1387 nibil
1388 1361 1487 1400 opus

64 1429 124 1462 est
168 1421 404 1468 coniectura,
452 1421 607 1473 quando
647 1421 740 1459 haec
780 1419 971 1471 scriptura
1007 1419 1047 1457 in
1087 1417 1284 1457 codicibus
1316 1417 1487 1468 antiquis

64 1485 280 1543 reperitur'.
341 1491 394 1529 Ex
427 1491 499 1529 hac
529 1490 778 1530 adnotatione
810 1487 1112 1538 Wesenbergius
1143 1486 1281 1532 effecit,
1328 1492 1360 1525 et
1398 1491 1488 1524 ante

64 1562 286 1600 miserrimis
325 1561 363 1599 in
398 1559 423 1598 Z
457 1560 576 1598 fuisse
608 1571 734 1610 neque
765 1556 1052 1597 animadvertit.
1094 1554 1329 1594 Lambinum
1363 1566 1484 1593 unum

64 1628 159 1668 illud
205 1628 340 1674 levata,
386 1628 489 1679 quod
522 1627 714 1666 Corradus
761 1627 980 1666 coniectura
1019 1626 1231 1671 invenerat,
1279 1624 1486 1676 respicere,

65 1697 168 1737 istud
207 1704 240 1737 ec
277 1709 354 1736 non
393 1709 540 1736 curare.
602 1698 698 1735 Cum
737 1708 827 1734 vero
865 1695 940 1733 iam
974 1695 1001 1742 Ι,
1025 1694 1111 1741 AN,
1135 1707 1155 1733 c
1186 1692 1354 1732 habeant
1384 1691 1486 1731 mul-

65 1769 213 1807 tissimis
249 1774 282 1806 et
318 1768 551 1811 miserrimis,
593 1765 780 1804 editiones
822 1777 910 1803 man
955 1772 992 1803 et
1033 1770 1068 1803 st
1109 1770 1148 1802 et
1184 1764 1195 1801 l
1225 1769 1259 1802 et
1290 1769 1378 1801 ante
1408 1765 1486 1802 mi—

63 1838 233 1876 serrimis
262 1835 300 1874 in
335 1841 441 1874 textu
473 1841 639 1881 servent,
674 1833 808 1872 ssosius
839 1833 961 1872 let-ata
993 1846 1038 1871 ex
1061 1832 1085 1871 Z
1109 1833 1418 1900 proferat‘atque
1440 1831 1487 1869 de

64 1913 98 1945 et
138 1912 272 1951 taceat,
318 1916 396 1943 non
441 1903 587 1949 dubito,
634 1903 726 1954 quin
767 1903 824 1953 [et]
866 1904 1085 1941 miserm'me's
1124 1901 1163 1939 in
1206 1900 1231 1939 Z
1270 1900 1399 1940 suerit.
1432 1922 1487 1928 -·

65 1974 147 2013 XVI
178 1975 207 2016 l.
232 1975 255 2012 5
288 1972 494 2012 Turnebus
525 1972 647 2011 XXlll
677 1973 729 2012 29
763 1972 880 2011 Om'us
920 1974 1019 2011 enim
1060 1973 1194 2010 recesz's
1232 1970 1354 2009 multa
1391 1982 1485 2022 quae

65 2043 216 2083 vellem:
262 2044 302 2081 in
346 2041 400 2081 his
444 2054 490 2081 ne
533 2041 598 2081 hoc
641 2042 787 2094 quidem
823 2040 981 2087 bialum,
1027 2043 1067 2080 in
1102 2039 1295 2079 mandatis
1332 2038 1483 2079 abunde

66 2111 131 2151 IIS
159 2110 276 2150 LXX.
315 2113 406 2150 sacis
441 2123 515 2150 esse
554 2123 599 2149 ex
637 2110 805 2161 antiquis
842 2109 1039 2149 codicibus
1079 2109 1204 2148 adfert
1241 2116 1358 2159 atque
1394 2108 1485 2147 inde

66 2181 160 2219 baec
191 2179 334 2219 conicit
356 2179 471 2218 Ovins
502 2182 599 2218 enim
629 2192 775 2227 recens;
806 2182 836 2219 is
859 2210 867 2218 .
886 2209 922 2218 ..
961 2179 1075 2218 Erret
1107 2191 1196 2217 vero
1218 2178 1282 2229 qni
1316 2190 1361 2216 ex
1383 2177 1482 2216 Tur-

65 2249 155 2288 nebi
186 2249 273 2288 adn.
307 2248 512 2287 concludat
542 2247 645 2287 LXX
673 2249 712 2287 in
746 2249 771 2287 Z
804 2249 935 2295 fuisse,
981 2251 1016 2287 si
1048 2254 1115 2287 aut
1151 2250 1206 2294 sit,
1252 2246 1355 2298 quod
1398 2253 1486 2285 ante

63 2318 213 2359 abunde
245 2317 284 2356 in
316 2317 499 2356 omnibus
531 2318 640 2356 codd.
673 2325 743 2364 est,
789 2331 808 2357 a
842 2317 867 2356 Z
899 2317 1061 2364 afuisse3
1110 2329 1197 2355 nam
1244 2318 1289 2355 sz‘c
1336 2315 1485 2354 abunde

64 2387 184 2427 libros
217 2394 365 2426 veteres
398 2386 537 2425 babere
561 2386 604 2424 L2
629 2387 819 2431 adfirmat,
852 2385 991 2425 Bosius
1021 2397 1066 2423 ex
1090 2384 1115 2423 Z
1148 2391 1185 2423 et
1208 2383 1292 2422 Mal.
1325 2396 1369 2422 ex
1404 2384 1484 2422 suis

65 2456 175 2496 codd.
217 2456 354 2502 citant,
398 2460 436 2494 μΙ
477 2462 515 2493 et
554 2457 590 2494 Σ
628 2459 661 2495 si
705 2455 861 2494 habent.
922 2453 1138 2493 Numerum
1184 2451 1349 2503 denique
1381 2452 1484 2492 LXX

65 2525 273 2565 Turnebus
304 2538 349 2563 ex
381 2532 414 2563 st
447 2523 575 2563 bausit
605 2537 730 2575 neque
762 2524 808 2562 de
839 2523 913 2562 isto
936 2534 1100 2561 numero
1124 2521 1149 2559 Z
1173 2521 1358 2573 inspexit,
1393 2533 1482 2560 nam

65 2595 93 2641 Ι,
115 2593 205 2641 A12,
228 2594 278 2641 M,
301 2594 348 2633 0¹
376 2594 518 2632 habent
540 2592 696 2640 LXXII,
729 2606 760 2639 c,
783 2593 884 2639 Ant„
908 2591 952 2638 R,
975 2591 1003 2629 P
1026 2590 1179 2636 LXXV,
1213 2590 1224 2628 l
1246 2602 1333 2629 cum
1359 2589 1482 2629 victo-

65 2663 172 2703 riana
219 2670 257 2702 et
304 2663 524 2701 manutiana
559 2662 617 2701 ed.
648 2660 793 2700 LXXII
828 2662 865 2700 in
906 2667 1012 2700 textu
1044 2659 1185 2711 posuit.
1251 2659 1378 2709 ltaque
1412 2659 1484 2698 hoc
