1821 3077
636 81 1049 120 —91—„

135 210 244 250 sunt,
277 214 366 241 nam
397 201 430 240 is
461 214 551 240 cum
583 213 660 239 non
694 200 810 239 nullis
841 199 934 238 locis
957 197 1141 237 Turnebo
1170 197 1310 236 acriter
1332 198 1551 248 respondet,

135 280 219 311 tum
257 272 405 311 rixatur
435 282 523 309 cum
559 269 745 316 victorio,
791 269 836 308 de
868 280 943 319 qua
976 266 1055 306 rixa
1087 279 1159 305 nos
1192 266 1284 305 haec
1315 265 1552 305 iudicamus:

135 340 345 381 Lambinus
377 339 579 379 meliorem
611 338 782 378 codicem
815 336 980 376 habebat
1010 348 1138 387 neque
1171 335 1227 374 uti
1259 334 1422 384 sciebat,
1462 348 1551 374 nam

137 409 268 449 multis
294 409 389 448 locis
420 414 458 448 et
479 406 525 447 Ll
557 408 597 447 in
629 408 717 447 adn.
746 406 792 446 ad
824 406 882 445 ed.
904 405 1073 457 priorem
1098 405 1122 443 Z
1156 404 1370 455 neglexisse
1402 405 1483 456 ipse
1506 405 1552 443 L'-'

136 478 245 518 testis
276 483 346 525 est,
378 483 417 517 et
444 475 491 516 L2
522 477 562 516 in
593 477 682 516 adn.
714 476 759 515 ad
791 481 891 527 post.
914 474 973 513 ed.
998 474 1023 512 Z
1055 473 1269 524 neglexisse
1301 486 1347 512 ex
1378 473 1424 512 iis
1456 487 1553 525 quae

134 547 341 587 Turnebus
372 553 411 586 et
432 546 570 586 Bosius
602 559 648 585 ex
671 545 696 584 Z
720 545 901 584 adferunt
931 549 1107 595 apparet,
1138 542 1191 581 ita
1213 542 1317 581 enim
1341 542 1554 582 Lambinus

135 615 369 656 coniecturis
399 615 636 667 indulgebat,
672 620 713 654 ut
745 613 874 652 mallet
906 611 986 650 suis
1009 611 1220 651 aliorumve
1242 610 1475 650 commentis
1499 611 1554 650 uti

135 698 252 737 quam
274 685 404 738 ipsum
428 684 599 724 codicem
622 682 830 735 inspicere:
862 680 984 719 multo
1006 680 1116 719 aliter
1138 680 1330 719 Victorius
1359 680 1396 719 in
1420 680 1552 719 eadem

135 767 176 793 re
206 760 382 794 versatus
413 759 490 800 est;
522 753 588 804 qui
621 765 711 792 cum
743 751 993 801 intellegeret,
1026 750 1224 800 vulgatum
1250 755 1397 789 textum
1422 749 1556 788 multis

137 823 289 863 mendis
319 823 512 869 laborare,
560 821 632 862 etsi
662 821 793 873 peiore
825 819 976 865 codice,
1018 818 1041 856 i.
1071 831 1104 857 e.
1132 817 1319 862 Mediceo,
1363 818 1555 858 utebatur.

138 899 268 932 tamen
299 892 352 931 ita
384 905 478 931 usus
510 898 586 939 est,
621 897 662 930 ut
694 889 862 929 maxima
893 888 1004 927 laude
1037 888 1176 938 dignus
1208 887 1277 935 sit,
1317 894 1419 926 tanta
1451 887 1553 926 enim

137 960 346 1013 diligentia,
393 967 538 1012 quanta
583 959 622 998 in
668 957 872 1011 philologis
911 956 993 995 eius
1025 956 1160 995 aetatis
1192 969 1268 994 non
1303 956 1412 994 facile
1445 968 1556 1007 repe-

138 1030 250 1076 ritur,
284 1029 457 1068 codicem
486 1028 652 1068 contulit
672 1034 799 1079 atque,
832 1037 1068 1077 quamquam
1091 1025 1174 1077 ipse
1197 1038 1308 1076 saepe
1331 1024 1555 1066 coniciebat.

139 1107 268 1139 tamen
299 1104 508 1150 antequam
542 1098 764 1137 coniectura
797 1096 976 1136 utebatur
1008 1094 1136 1146 ipsum
1160 1094 1195 1132 M
1217 1094 1446 1146 inspiciebat
1468 1093 1555 1132 dili-

138 1174 352 1220 genterque
383 1167 531 1207 litteras
564 1167 724 1207 traditas
756 1165 1012 1205 examinabat.

252 1236 334 1276 ZL2
367 1236 500 1276 multis
531 1235 626 1275 locis
657 1248 677 1274 a
700 1235 850 1275 Baitero
874 1235 1070 1285 neglectae
1092 1239 1195 1279 sunt,
1228 1232 1301 1272 etsi
1322 1232 1354 1271 is
1376 1232 1415 1271 in
1439 1234 1557 1284 praef.

138 1321 174 1359 p.
199 1307 261 1346 VII
299 1319 339 1346 se
371 1318 507 1345 omnes
535 1305 722 1344 lectiones
753 1304 895 1344 codicis
925 1301 1157 1342 Turnesiani
1189 1301 1379 1341 indicasse
1412 1302 1557 1341 scribit.

139 1375 218 1415 Nos
249 1375 307 1414 ed.
340 1388 371 1415 a.
409 1374 514 1414 1572
562 1387 639 1413 non
689 1374 789 1414 nacti
827 1385 985 1419 sumus3
1026 1372 1156 1422 itaque
1194 1371 1318 1410 tribus
1355 1371 1415 1418 iis,
1462 1384 1558 1422 quae

140 1457 174 1483 a.
200 1445 318 1491 1577,
352 1443 417 1491 81,
451 1443 504 1483 84
536 1445 720 1496 repetitae
753 1449 847 1483 sunt
877 1455 1003 1493 neque
1037 1441 1116 1479 fere
1138 1440 1322 1491 differunt
1350 1440 1425 1479 nisi
1449 1447 1559 1492 typo-

141 1512 333 1564 graphicis
364 1513 576 1559 erroribus,
611 1513 671 1551 usi
702 1525 854 1552 sumus.

255 1581 298 1631 6)
330 1594 362 1619 v.
387 1594 432 1627 c.,
465 1595 499 1632 q.
525 1595 558 1619 v.
582 1594 627 1627 c.,
660 1595 692 1620 v.
717 1594 747 1620 c.
782 1587 820 1620 et
850 1580 880 1619 L
913 1582 1045 1630 (mgo).
1095 1580 1124 1618 L
1159 1580 1278 1630 (ingo)
1311 1591 1423 1631 saepe
1455 1591 1501 1617 ex
1534 1578 1558 1616 Z

142 1650 301 1689 haustae
332 1648 483 1701 sunt*).
535 1650 620 1701 Ipse
652 1656 781 1689 textus
815 1649 871 1689 ed.
901 1648 1127 1701 posterioris
1151 1647 1436 1693 Lambinianae,
1469 1660 1557 1686 cum

142 1719 334 1770 vulgatam
368 1719 578 1759 editionem
610 1719 649 1758 in
682 1732 724 1758 ea
755 1731 976 1771 expressam
1009 1730 1093 1757 esse
1125 1724 1322 1769 appareat,
1361 1716 1471 1755 nihili
1503 1722 1561 1754 est

143 1801 269 1839 neque
299 1787 506 1840 quicquam
540 1787 781 1829 auctoritatis
814 1787 946 1833 babet3
985 1793 1024 1826 at
1054 1787 1092 1832 ii,
1125 1787 1190 1837 qui
1222 1786 1412 1838 postsed.
1446 1798 1559 1824 cura—

143 1862 292 1903 verunt,
336 1856 375 1895 in
415 1857 587 1909 margine
619 1857 761 1897 multas
793 1862 904 1895 notas
937 1863 1164 1907 posuerunt,
1207 1869 1253 1894 ex
1285 1856 1426 1906 quibus
1459 1854 1561 1893 notis

142 1938 206 1965 eae
228 1938 326 1977 quae
348 1926 591 1966 coniecturas
624 1927 681 1965 vel
702 1925 889 1965 lectiones
921 1938 966 1964 ex
998 1925 1193 1964 veteribus
1226 1924 1461 1963 editionibus
1493 1923 1560 1962 ad-

142 1997 275 2034 ferunt
304 2001 420 2046 atque
450 1995 496 2034 ab
530 1995 579 2034 al.
614 1995 672 2034 vel
702 1996 794 2046 fort.
827 1994 998 2046 incipere
1020 1994 1157 2039 solent,
1190 1994 1302 2045 plane
1325 1992 1560 2032 omittendae

143 2069 253 2102 sunt:
301 2069 394 2102 sunt
434 2076 524 2103 vero
564 2064 755 2116 plurimae
785 2063 972 2103 lectiones
1014 2063 1053 2101 in
1096 2063 1280 2114 margine,
1327 2075 1424 2113 quae
1471 2074 1557 2100 cum

143 2133 269 2172 adhuc
300 2132 494 2183 neglectae
516 2132 594 2171 sint
616 2132 727 2171 nobis
751 2133 919 2171 multum
943 2132 1184 2172 auctoritatis
1206 2132 1347 2170 habere
1371 2131 1560 2169 videntur.

143 2202 238 2241 Nam
272 2214 359 2240 raro
391 2214 410 2240 a
435 2201 585 2240 Baitero
617 2202 790 2241 adfertur
822 2206 947 2240 ‘vetus
979 2201 1096 2240 codex
1130 2202 1166 2239 in
1201 2214 1320 2251 marg.
1344 2200 1402 2238 ed.
1428 2199 1560 2237 Lamb.

142 2284 175 2310 a.
210 2270 342 2311 1584ss
386 2276 428 2309 ut
460 2269 538 2308 xvt
576 2271 636 2315 11,
673 2272 713 2316 1,;
761 2271 839 2309 XV!
881 2272 910 2315 1,
945 2271 988 2318 -13
1037 2271 1099 2309 XV
1134 2270 1197 2309 26,
1239 2271 1274 2315 1;
1323 2268 1385 2306 ΧΥ
1421 2267 1484 2306 20.
1520 2268 1562 2312 ³13

144 2340 207 2378 XV
243 2341 304 2385 15,
342 2340 382 2383 13
428 2338 601 2378 Xt11223.
626 2340 669 2386 33
718 2339 959 2386 X11121,1;
1006 2338 1127 2386 X12,
1153 2339 1196 2385 23
1244 2337 1435 2382 11713,1,
1483 2348 1560 2374 non

233 2517 261 2558 ²⁸³)
288 2518 368 2550 Cum
394 2518 499 2550 adhuc
526 2528 583 2550 eae
607 2519 773 2551 lectiones
797 2520 835 2552 de
862 2520 981 2561 quibus
1008 2521 1070 2552 inin
1095 2518 1339 2561 disputabimus
1367 2529 1478 2550 omnes
1505 2519 1559 2549 vel

143 2572 308 2614 plurimae
342 2573 515 2613 neglectae
549 2573 631 2613 siut,
666 2584 722 2605 eos
749 2574 804 2615 qui
831 2575 911 2607 haec
938 2575 1054 2615 legent
1080 2579 1112 2606 ut
1141 2578 1255 2605 nostra
1283 2573 1459 2613 diligentia
1486 2584 1560 2604 con-

145 2625 247 2658 fidant
273 2637 438 2667 rogamus.
