1821 3077
758 148 1205 190 *190—

733 481 1067 536 CAPUT
1119 482 1218 539 IX.

535 717 599 756 DE
631 717 732 756 NON
768 716 947 757 NULLlS
979 717 1106 757 ALIIS
1139 717 1415 758 CODICIBUS.

382 804 421 854 1)
460 803 511 842 De
558 804 756 843 codicibus
801 804 1047 855 quibusdam,
1099 804 1166 855 qui
1218 804 1308 843 olim
1360 804 1398 843 in
1453 804 1681 844 bibliotheca

266 871 468 911 Visconlea
490 872 614 911 Ticini
635 873 807 919 fuerunt,
830 879 918 924 post
941 872 1201 912 Detlel‘senum
1227 873 1283 924 (in
1307 885 1394 911 ann.
1418 885 1437 911 a
1459 873 1597 912 Jalmio
1619 872 1683 911 in-

264 941 409 980 stitutis
430 954 533 980 anno
559 941 663 981 1863
687 954 722 993 p.
747 941 845 992 558)
871 942 989 981 multa
1013 942 1057 981 Ο.
1080 942 1121 981 Ε.
1146 942 1386 981 Sclnnidtius
1407 941 1496 980 inde
1518 953 1538 980 a
1566 953 1604 992 p.
1628 941 1681 980 46

264 1009 475 1061 disputavit
496 1010 606 1062 isque
627 1018 730 1050 recte
760 1010 919 1057 invenit,
952 1010 1124 1062 primum
1149 1022 1283 1050 eorum
1316 1009 1508 1057 codicum,
1539 1009 1606 1060 qui
1637 1009 1677 1048 in

264 1079 433 1130 catalogo
456 1085 613 1118 notatur
644 1092 681 1118 n.
705 1080 786 1118 610
819 1087 934 1131 atque
958 1079 1093 1131 incipit
1123 1092 1142 1118 a
1167 1079 1290 1126 Quam
1319 1078 1680 1130 contemplationem,

264 1160 309 1186 ex
327 1161 387 1199 ep.
411 1149 455 1187 ad
477 1148 644 1195 ss1=.117‚
662 1148 686 1187 6
712 1148 762 1199 (ΙΙ
785 1149 821 1196 5,
845 1149 869 1187 6
892 1148 950 1187 ed.
970 1148 1166 1197 Wesenb.)
1191 1148 1325 1188 ultima
1347 1148 1462 1187 verba
1484 1147 1679 1195 habuisse,

264 1217 422 1255 tertium
457 1230 493 1256 n.
529 1216 623 1264 857,
671 1217 737 1268 qui
788 1217 1004 1269 appellatur
1048 1217 1158 1257 Liber
1202 1230 1303 1258 ‘tutus
1346 1217 1591 1269 epistolarum
1631 1217 1681 1256 ad

264 1284 481 1325 Ciceronem
514 1287 680 1330 brutum,
713 1299 790 1325 non
825 1286 940 1325 modo
972 1286 1033 1325 l.1
1065 1299 1150 1338 epp.
1174 1287 1218 1325 ad
1252 1286 1430 1334 Brutum,
1463 1286 1528 1325 sed
1561 1285 1675 1325 etiam

263 1367 347 1406 epp.
371 1354 415 1393 ad
439 1354 609 1394 Atticum
633 1354 752 1394 libros
774 1368 849 1394 non
879 1355 1006 1394 nullos
1030 1354 1147 1393 videri
1170 1354 1364 1393 habuisse.
1416 1354 1489 1402 Qui
1511 1354 1675 1402 codices,

263 1424 295 1462 si
333 1423 488 1474 quidem
531 1436 602 1463 nos
640 1430 742 1463 recte
780 1438 815 1475 p.
843 1423 917 1462 131
959 1422 1195 1462 coniecimus
1234 1423 1262 1461 Y
1301 1436 1386 1475 epp.
1425 1423 1470 1461 ad
1504 1423 1673 1464 Atticum

264 1490 384 1530 libros
430 1491 512 1530 XVI
567 1491 758 1539 babuisse,
809 1505 894 1543 epp.
933 1492 977 1530 ad
1016 1492 1088 1538 Qu.
1122 1492 1167 1530 sr.
1205 1498 1244 1530 et
1289 1492 1333 1530 ad
1384 1492 1545 1531 Brutum
1597 1503 1674 1530 non

261 1559 456 1607 habuisse,
488 1559 526 1598 in
552 1562 588 1598 „Q
620 1561 779 1599 fuerunt
802 1566 919 1611 atque
941 1561 1004 1607 ita,
1038 1567 1082 1599 ut
1112 1560 1218 1612 prior
1240 1572 1277 1599 n.
1301 1560 1381 1599 610
1413 1560 1453 1599 in
1484 1559 1675 1612 principio

261 1641 303 1668 ea
326 1628 439 1667 verba
474 1628 608 1668 ultima
630 1642 675 1668 cx
705 1630 729 1667 l.
754 1629 785 1667 lI
816 1629 862 1667 ad
885 1629 1049 1668 Brutum
1080 1629 1269 1676 habuerit,
1302 1629 1459 1680 quaein
1492 1628 1675 1668 omnibus

261 1697 458 1737 codicibus
490 1697 557 1748 qui
588 1704 742 1737 exstant
772 1697 1021 1737 omittuntur.

374 1766 414 1813 2)
453 1766 505 1805 De
545 1766 741 1806 codicibus
773 1766 1034 1813 Memmianis,
1081 1767 1224 1817 quibus
1257 1766 1467 1805 Lambinus
1504 1771 1543 1804 et
1573 1765 1674 1804 Tur—

261 1836 384 1874 nebus
422 1835 481 1874 usi
517 1842 621 1881 sunt,
660 1835 812 1874 difficile
848 1843 908 1875 est
939 1835 1121 1882 iudicare,
1160 1836 1262 1886 qnod
1299 1835 1519 1886 complures
1555 1834 1674 1872 fuisse

261 1904 413 1942 codices
447 1917 492 1942 ex
523 1904 569 1942 iis
602 1912 772 1956 apparel,
805 1917 903 1955 quae
925 1905 971 1943 Ll
995 1905 1039 1942 ad
1064 1905 1095 1942 ΙΙ
1119 1905 1155 1950 7,
1178 1903 1220 1943 3;
1252 1904 1299 1941 IV
1324 1905 1358 1949 1,
1384 1904 1427 1950 13
1459 1903 1519 1941 Vll
1546 1904 1608 1949 14,
1635 1903 1675 1949 1;

263 1972 322 2010 Vll
359 1971 422 2019 18,
446 1972 489 2019 33
522 1972 569 2011 L2
601 1974 646 2012 ad
677 1974 757 2012 VIII
783 1974 845 2020 16,
873 1975 917 2020 1;
948 1974 1033 2012 Xlll
1059 1974 1140 2011 473
1173 1972 1342 2019 adnotat,
1375 1984 1499 2023 neque
1522 1977 1670 2010 certum

260 2046 328 2087 est,
362 2040 574 2079 Lambinus
607 2054 694 2080 cum
729 2043 775 2081 de
803 2042 1046 2081 Memmianis
1078 2042 1179 2080 dieat
1209 2054 1395 2079 omnesne
1418 2039 1673 2080 Memmianos

264 2109 423 2148 adferat.
469 2109 614 2148 Tamen
649 2109 741 2148 baec
771 2122 1054 2149 commemoro:
1086 2110 1340 2149 Memmianos
1364 2109 1422 2148 vel
1450 2121 1584 2148 omnes
1616 2108 1674 2146 vel

259 2177 478 2229 complures
508 2190 592 2229 epp.
616 2178 659 2216 ad
684 2178 847 2217 Brutum
871 2179 894 2216 l.
920 2179 930 2217 l
965 2178 1144 2217 habuisse
1166 2179 1248 2230 ipse
1272 2178 1482 2217 Lambinus
1514 2177 1551 2215 in
1584 2177 1672 2215 adn.

258 2246 303 2284 ad
351 2259 414 2284 eas
460 2258 547 2298 epp.
595 2247 810 2293 confirmat,
857 2260 935 2286 uno
967 2247 1200 2286 Meminiano
1233 2247 1438 2285 Turnebus
1482 2245 1604 2284 utitur
1634 2244 1673 2282 in

259 2315 352 2353 Adv.
385 2314 503 2353 XXIV
544 2314 597 2354 39
637 2315 682 2353 ad
714 2328 757 2353 ea
797 2315 1060 2361 emendanda,
1102 2328 1199 2367 quae
1236 2315 1281 2354 ad
1319 2315 1392 2362 Qu.
1426 2314 1474 2352 fr.
1505 2313 1555 2351 lIl
1591 2313 1625 2358 1,
1649 2311 1672 2350 3

261 2389 364 2422 sunt.
406 2382 661 2422 Memmianos
683 2383 741 2421 vel
763 2395 898 2422 omnes
917 2385 973 2422 vel
995 2385 1216 2436 complures
1233 2385 1476 2423 coniecturas
1494 2380 1672 2420 habuisse

258 2464 304 2490 ex
335 2451 391 2490 eis
422 2451 654 2491 lectionibus
668 2449 704 2500 *)
738 2458 907 2504 apparet,
939 2465 1033 2503 quas
1065 2452 1113 2490 L1
1143 2452 1188 2491 ad
1223 2453 1234 2491 l
1270 2452 1333 2499 16,
1365 2451 1438 2497 133
1468 2450 1519 2489 XI
1543 2449 1605 2495 10,
1631 2449 1672 2492 1;

372 2568 403 2609 *)
429 2568 520 2611 Ipsas
548 2568 712 2600 lectiones
739 2578 803 2598 non
830 2566 959 2608 adfero,
986 2568 1070 2610 quod
1097 2566 1195 2599 facile
1222 2568 1336 2599 velex
1357 2566 1485 2599 Baiteri
1502 2565 1576 2596 adn.
1595 2563 1671 2596 crit.

257 2622 415 2663 intellegi
457 2627 588 2665 potest,
624 2627 780 2664 quantum
822 2623 865 2654 iis
907 2623 1076 2654 codicibus
1114 2622 1329 2654 auctoritatis
1367 2620 1578 2652 tribuendum
1615 2619 1673 2659 sit,

258 2678 436 2721 eademque
454 2688 509 2710 res
528 2688 569 2710 ex
589 2688 638 2720 ea,
657 2687 750 2721 quain
772 2687 830 2709 nos
850 2687 1015 2720 pai-anius,
1039 2677 1188 2710 editione
1214 2677 1313 2709 etiam
1332 2675 1466 2718 planius
1485 2673 1671 2717 apparebit.
