1821 3077
541 161 981 201 ⁷127——

51 280 83 319 si
114 279 320 326 attulisset,
353 291 504 318 errores
536 291 766 318 communes
797 279 836 318 in
861 279 887 318 C
918 285 956 317 et
977 278 1024 316 W
1047 278 1146 317 Crat.
1166 279 1213 317 W
1241 292 1355 318 usum
1390 292 1474 319 esse

51 348 270 401 probarent,
303 347 467 399 denique
489 348 594 399 quod
618 347 844 395 Cratander,
876 347 913 387 id
937 348 1039 398 quod
1072 360 1108 399 p.
1133 347 1184 386 53
1208 349 1473 400 exposuimus,

52 417 324 470 compluribus
356 416 554 456 codicibus
587 430 681 456 usus
713 424 783 456 est.
829 418 956 468 Atque
985 416 1031 453 W
1064 416 1197 455 inultis
1228 417 1354 469 iisque
1386 431 1474 470 per—

53 487 165 526 bonis
211 485 445 526 lectionibus
492 498 580 524 cum
615 486 642 524 C
674 493 711 524 et
743 499 762 525 c
803 486 1022 525 consentire
1062 498 1106 524 ex
1144 485 1191 523 iis
1229 499 1326 537 quae
1359 500 1474 539 snpra

47 568 86 607 p.
111 554 189 595 123
211 554 416 595 attulimus
437 562 616 606 apparet3
640 567 765 606 neque
788 567 880 594 vero
904 554 1040 594 iisdem
1064 554 1295 594 lectionibus
1319 556 1473 594 eosdem

46 624 171 664 fuisse
216 623 369 663 codices
415 623 442 662 C
488 630 526 662 et
567 623 612 661 W
660 624 829 674 intellegi
873 623 1112 663 iudicamus:
1160 624 1264 674 quod
1311 624 1342 663 si
1388 624 1476 676 quis

49 693 137 732 inde
183 693 281 732 effici
329 699 496 745 putaret,
545 693 647 732 idem
695 706 766 732 cur
809 693 1067 733 Cratandrum
1119 693 1203 731 cod.
1233 693 1477 732 Turnesiano

51 774 164 800 usum
206 774 290 801 esse
331 769 501 813 negaret,
545 762 640 800 nihil
680 769 793 802 esset.
855 762 1026 809 Accedit,
1068 762 1170 813 quod
1209 762 1311 802 haud
1344 763 1477 814 paucis

49 829 143 869 locis
175 829 203 869 C
234 830 292 869 vel
322 843 342 869 c
373 844 392 869 a
427 831 470 867 W
503 831 700 870 dissentit:

164 898 210 937 Vl
236 899 273 943 3,
297 899 322 939 6
352 900 543 940 asseculae
573 900 600 939 C
631 907 753 939 recte:
789 901 839 939 acl
871 900 993 939 secale
1014 899 1061 935 W
1093 899 1201 938 falso.
1224 923 1277 926 —
1308 900 1342 939 X
1367 901 1430 940 11.
1454 901 1477 937 2

54 969 98 1016 Q.
122 968 241 1009 Aaeius
273 967 300 1008 C
343 975 466 1008 recte:
511 970 674 1020 mihique
717 972 834 1008 aaeius
867 968 912 1006 W
946 969 1051 1007 falso.
1100 991 1153 996 —
1200 968 1232 1007 X
1257 970 1320 1014 11,
1344 970 1367 1008 5
1399 977 1479 1008 erat

54 1035 253 1090 <iocatus>
288 1050 322 1084 c,
356 1050 444 1077 cum
481 1039 503 1077 l.
527 1038 601 1076 Α]2
643 1038 808 1077 habeant
847 1042 918 1077 eric
957 1039 1138 1088 [iocatus]:
1187 1051 1290 1077 eram
1339 1038 1480 1078 locatus

54 1105 112 1144 W.
156 1130 209 1133 —
256 1106 287 1145 Χ
324 1106 421 1154 123,
457 1108 475 1145 1
526 1110 754 1159 imperatum
797 1120 835 1153 c,
879 1120 967 1145 cum
1006 1107 1040 1154 Ι,
1073 1106 1147 1145 Α12
1194 1107 1362 1146 habeant
1406 1110 1477 1146 im-

49 1182 262 1226 petraeum.-
309 1180 587 1228 z¹mperaturum
622 1175 668 1213 W
700 1176 808 1215 salso.
843 1199 893 1203 ——
927 1175 961 1214 X
987 1177 1049 1223 14,
1076 1177 1094 1214 1
1134 1176 1183 1216 ad
1212 1189 1270 1215 me
1300 1179 1400 1216 venit
1431 1176 1478 1216 C:

52 1245 103 1284 ad
133 1257 189 1283 me
222 1243 386 1298 <mane>
421 1248 520 1285 venit
553 1245 610 1292 W,
635 1245 656 1283 l.
695 1269 742 1271 —
789 1244 947 1286 Χ19,3
980 1247 1020 1283 in
1051 1257 1135 1283 eam
1166 1257 1197 1292 c,
1222 1244 1395 1296 Ltmgol:
1441 1248 1480 1284 in

53 1325 97 1352 ea
130 1313 186 1352 W.
216 1337 270 1341 —
301 1314 367 1353 XV
389 1313 426 1360 2,
451 1315 476 1353 4
507 1313 682 1353 Flamma
715 1314 758 1353 C:
790 1313 987 1364 flammam
1020 1312 1065 1349 W
1097 1313 1208 1352 falso.

171 1382 279 1430 Quae
310 1396 398 1422 oum
432 1383 483 1422 ita
516 1382 606 1430 sint,
655 1395 725 1422 cur
755 1382 1012 1422 Cratandrum
1050 1383 1092 1420 W
1127 1395 1242 1421 usum
1275 1395 1360 1421 esse
1393 1395 1478 1421 cre-

56 1451 207 1499 damus,
238 1452 335 1492 nihil
366 1465 450 1492 esse
482 1458 590 1504 puto.

384 1632 443 1667 De
474 1631 507 1667 C
543 1634 582 1667 et
613 1633 754 1668 codice
787 1630 1154 1666 Laurisheimensi.

171 1726 300 1766 Altera
333 1738 458 1778 neque
480 1726 600 1766 levior
630 1732 689 1766 est
710 1727 898 1778 quaestio,
931 1726 997 1765 ubi
1020 1727 1046 1765 C
1078 1726 1222 1777 reperti
1254 1727 1344 1773 sint,
1377 1727 1480 1766 unde

59 1808 126 1835 eos
157 1795 308 1834 codices
331 1794 542 1835 Cratander
573 1795 781 1847 acceperit3
812 1808 902 1834 nam
936 1807 1023 1834 cum
1049 1796 1150 1834 Crat.
1184 1794 1219 1834 in
1254 1798 1372 1847 paef.
1396 1809 1433 1848 p.
1456 1797 1479 1834 4

60 1865 153 1903 haec
199 1865 358 1904 scribat:
407 1865 520 1904 ‘inter
567 1878 664 1917 quos
703 1864 800 1915 (scil.
835 1864 1004 1915 codices)
1042 1877 1119 1903 non
1152 1876 1308 1916 paucos,
1355 1876 1482 1916 neque

60 1933 317 1985 poenitendos
349 1934 458 1974 nobis
491 1933 792 1973 communicavit
815 1933 867 1971 Io.
887 1933 1109 1980 SIcliardus,
1143 1939 1318 1972 veterum
1352 1934 1481 1973 moni—

65 2008 285 2059 mentorum
320 2009 568 2042 conservator
599 2002 931 2054 diligentissimus⁷
963 2015 1131 2053 cumque
1164 2002 1190 2040 t]
1223 2002 1356 2042 multis
1388 2003 1482 2042 locis

61 2064 151 2110 cum
184 2071 224 2119 Z,
268 2072 332 2123 qui
376 2071 414 2110 in
457 2071 582 2123 aliqua
614 2072 755 2112 Galliae
793 2071 949 2123 regione
987 2077 1167 2110 exaratus
1199 2084 1283 2111 esse
1316 2071 1480 2116 videtur,

58 2140 293 2186 consentiat,
339 2140 449 2179 facile
491 2141 644 2181 videtur
689 2154 773 2180 esse
820 2140 1008 2187 conicere,
1055 2153 1074 2178 e
1118 2140 1236 2180 Gallia
1280 2141 1482 2180 Cratandri

62 2208 213 2248 codices
245 2208 283 2247 in
317 2208 562 2248 Germaniam
594 2210 767 2250 invectos
799 2223 896 2249 esse.
958 2210 1075 2248 Istam
1109 2208 1346 2261 opinionem,
1384 2223 1483 2262 quae

65 2277 178 2316 nobis
208 2290 364 2329 quoque
395 2278 600 2329 aliquando
632 2279 837 2326 arridebat,
884 2284 951 2317 aut
997 2283 1116 2316 totam
1165 2285 1232 2317 aut
1271 2278 1397 2330 aliqua
1438 2291 1483 2318 ex

63 2353 172 2398 parte
205 2346 336 2385 falsam
372 2359 455 2385 esse
487 2359 532 2385 ex
563 2347 609 2386 iis
640 2348 898 2400 intellegetur,
937 2360 1035 2398 quae
1073 2346 1147 2386 iam
1182 2347 1482 2399 disputabimus.

180 2415 267 2455 Seb.
287 2415 479 2455 Corradus
503 2416 540 2454 in
564 2417 682 2468 praef.
707 2418 750 2456 ad
774 2417 958 2469 epistulas
980 2416 1026 2455 ad
1045 2416 1230 2463 Atticum,
1249 2429 1344 2467 quas
1367 2429 1482 2455 accu-

64 2484 259 2524 ratissime
290 2484 501 2523 illustratas
533 2497 563 2522 a.
592 2486 699 2524 1544
720 2485 889 2525 Venetiis
921 2485 1052 2531 edidit,
1085 2485 1178 2523 liaeo
1210 2484 1363 2523 scribit:
1404 2485 1481 2524 ‘sed

65 2565 185 2603 quum
219 2553 296 2592 duo
329 2553 598 2591 tantummodo
631 2554 898 2594 huiuscemodi
931 2544 1029 2600 libri,
1061 2554 1127 2604 qui
1160 2554 1382 2593 autoritatis
1413 2553 1483 2593 ali-

66 2621 158 2672 quid
193 2621 371 2668 habeant,
410 2621 523 2660 hodie
556 2622 811 2673 reperiantur,
854 2623 950 2663 alter
978 2624 1019 2662 in
1053 2624 1155 2662 Italia
1188 2623 1288 2675 apud
1322 2622 1481 2662 Petrum

66 2689 194 2742 ipsum
221 2690 446 2738 Victorium,
478 2691 544 2742 qui
567 2690 760 2730 Francisci
784 2692 1012 2732 I‘etrarcliae
1047 2693 1165 2731 fuisse
1197 2692 1356 2732 dicitur:
1388 2692 1486 2730 alter
