1889 3094
554 152 938 194 -3—

151 272 205 323 fi),
224 271 272 311 iis
303 271 522 315 codicibus,
570 284 616 311 ex
661 271 803 323 quibus
834 271 1095 324 Malaspina
1126 272 1312 311 lectiones
1343 272 1383 311 in
1415 285 1459 311 eo

36 340 177 386 libello,
225 340 291 393 qui
321 340 494 380 Venetiis
538 352 640 380 anno
686 341 791 381 1563
836 341 993 394 prodiit,
1039 341 1184 389 adfert,
1231 354 1276 380 ex
1316 341 1459 394 quibus

37 409 235 449 codicibus
275 409 442 448 maxime
473 408 560 449 Mal.
594 422 689 449 usus
730 416 790 450 est
821 411 916 450 cod.
943 410 1212 451 Antoniano
1248 410 1387 460 (Ant.)
1422 417 1461 451 et

37 478 206 518 codice
235 477 405 517 Faerni
437 477 516 529 (F).

152 546 194 599 7)
225 546 318 586 1=
338 546 551 586 editione
582 547 874 589 Iensoniana
898 549 1086 600 (Venetiis
1113 550 1238 602 1470)
1271 550 1457 603 principe.

151 615 193 668 8)
223 615 256 654 Β
272 633 329 650 =
344 615 565 656 editione
582 616 804 658 Romana
822 618 987 671 (Romae
1008 618 1132 671 1470)
1154 619 1247 659 item
1271 620 1460 672 principe.

149 685 261 725 Anno
295 685 404 726 1846
426 685 469 724 L.
489 685 719 738 Spengelius
751 685 806 734 (in
831 685 910 725 Gel.
933 685 1025 724 Anz.
1049 685 1117 724 der
1138 685 1175 725 k.
1199 686 1304 739 bayr.
1322 686 1460 739 Akad.)

36 753 222 794 lectiones
265 754 386 794 edidit
427 754 738 805 fragmentorum
771 754 1268 806 Wurceburgensium
1313 756 1393 808 (W)
1409 756 1456 806 ⁹⁶),

35 822 178 874 quibus
215 822 256 863 C.
288 822 464 864 Halmius
506 824 545 863 in
591 838 692 865 mus.
727 824 850 863 Rhen.
885 837 925 863 n.
960 837 990 864 s.
1022 824 1143 864 XVIII
1185 826 1370 865 lectiones
1414 839 1460 866 ex

40 891 214 931 eiusdem
249 891 392 931 codicis
424 893 655 945 fragmentis
677 893 833 934 adiecit:
865 906 964 944 quae
986 893 1172 933 lectiones
1203 900 1280 934 tam
1315 894 1462 935 similes

35 959 95 1008 iis,
127 973 225 1012 quae
253 960 281 1000 C
312 962 568 1014 appellantur,
601 963 704 1003 visae
737 969 842 1010 sunt,
875 969 919 1002 ut
950 962 1127 1002 Halmius
1158 963 1315 1015 probari
1346 977 1462 1016 posse

36 1034 204 1080 putaret,
237 1030 423 1070 lectiones
446 1030 473 1070 C
505 1044 550 1071 ex
581 1033 715 1072 eodem
749 1032 879 1072 codice
911 1032 1071 1072 haustas
1093 1045 1191 1081 esse,
1224 1032 1463 1073 61111151111116

37 1097 110 1137 ista
142 1099 359 1149 fragmenta
390 1107 616 1152 supersunt.

150 1167 194 1206 In
215 1169 415 1220 prooemio
437 1169 648 1210 lectionum
672 1169 906 1209 aestivarum
925 1168 1051 1208 Berol.
1072 1168 1179 1209 1855
1198 1169 1246 1209 M.
1267 1169 1460 1223 Hauptius

39 1235 154 1288 (Opp.
177 1235 211 1275 II
240 1249 277 1289 p.
302 1236 386 1288 84),
419 1251 508 1278 611111
531 1239 602 1278 Th.
622 1239 891 1278 Mommsenus
914 1238 1090 1279 Lutetiae
1113 1240 1285 1280 codicem
1308 1241 1458 1293 regium

37 1303 176 1343 8538a
220 1306 477 1353 excussisset,
524 1313 615 1360 ‘quo
661 1308 791 1348 codice
834 1308 1088 1348 continentur
1121 1309 1317 1349 Simeonis
1356 1311 1461 1351 Bosii

35 1373 392 1416 animadversiones
432 1377 473 1416 in
515 1377 635 1417 libros
675 1383 823 1430 septem
856 1377 1092 1430 posteriores
1124 1379 1380 1431 epistularum
1413 1381 1459 1420 ad

36 1442 222 1491 Atticum,
268 1457 347 1484 non
394 1458 489 1498 quas
537 1452 672 1499 postea
717 1447 850 1494 edidit,
898 1446 964 1486 sed
997 1447 1129 1499 quales
1160 1447 1330 1500 primum
1365 1461 1460 1489 con-

39 1512 271 1565 scripserat',
303 1514 387 1554 cod.
410 1515 673 1556 Crusellinum
705 1523 743 1555 et
775 1516 1021 1555 decurtatum
1053 1516 1112 1555 vel
1139 1516 1285 1565 Scidas,
1318 1518 1460 1569 quibus

38 1593 80 1621 se
101 1594 217 1622 usum
241 1596 325 1623 esse
343 1584 482 1625 Rosius
504 1585 726 1638 scripserat,
749 1597 965 1637 numquam
984 1584 1102 1624 fuisse
1123 1590 1240 1637 atque
1257 1586 1456 1627 hominem

40 1651 398 1701 mendacissimum,
421 1667 498 1705 quo
521 1655 764 1695 coniecturae
787 1660 853 1694 aut
875 1667 967 1694 suae
989 1660 1056 1693 aut
1077 1655 1241 1694 aliorum
1265 1656 1458 1697 firmiores

39 1731 123 1758 esse
168 1719 410 1768 viderentur,
461 1722 558 1762 istos
603 1723 710 1775 ipsos
756 1723 906 1762 codices
952 1723 1112 1763 finxisse
1157 1723 1458 1774 demonstravit3

38 1787 168 1839 itaque
199 1794 301 1829 recte
324 1789 516 1842 Hauptius
548 1792 702 1832 monuit
732 1804 794 1831 eas
826 1791 1025 1839 lectiones,
1059 1805 1154 1843 quas
1186 1793 1325 1833 Bosius
1357 1807 1403 1834 ex
1426 1795 1456 1834 X

39 1863 77 1896 et
98 1857 128 1895 Y
158 1857 302 1906 adfert,
335 1859 446 1899 nihili
478 1873 573 1909 esse,
619 1861 666 1901 iis
702 1860 956 1907 lectionibus,
989 1874 1084 1912 quas
1116 1862 1154 1901 in
1179 1861 1204 1900 Z
1237 1875 1322 1915 esso
1354 1864 1460 1904 solus

39 1925 177 1966 Bosius
223 1927 333 1967 testis
379 1935 456 1977 est,
502 1935 613 1970 caute
646 1931 834 1970 utendum
868 1943 974 1978 esse,
1019 1943 1109 1970 nam
1142 1931 1386 1972 Detlefsenus
1420 1933 1458 1972 in

40 1993 113 2032 vol.
136 1994 187 2034 111
217 1996 411 2048 supplem.
433 1998 480 2038 ad
501 1999 592 2050 phil.
616 2000 774 2039 annales
797 2013 887 2039 ann.
914 1999 1192 2040 1857-1860
1215 2014 1252 2053 p.
1279 2003 1353 2041 111
1379 2015 1459 2042 non

39 2068 143 2102 recte
180 2062 339 2116 Hauptii
383 2068 753 2109 commentationem
801 2082 880 2109 non
928 2068 1021 2108 satis
1058 2069 1182 2109 firmis
1219 2071 1459 2121 argumentis

41 2130 232 2171 munitam
280 2145 366 2173 esse
408 2136 610 2188 exposuit3
656 2137 759 2177 idem
792 2151 883 2177 vero
915 2138 1027 2178 docte
1059 2138 1104 2177 de
1138 2138 1163 2177 Z
1195 2138 1322 2191 iisque
1355 2140 1458 2189 viris,

39 2199 106 2251 qui
137 2213 178 2239 se
209 2200 235 2239 Z
268 2213 359 2241 usos
391 2215 476 2243 esse
506 2205 768 2251 adfirmarent,
803 2207 1026 2258 disputavit.

153 2269 265 2309 Anno
302 2269 408 2310 1863
440 2272 609 2313 Berolini
655 2275 801 2327 prodiit
832 2275 894 2315 Fr.
925 2276 1136 2316 Ilofmanni
1181 2276 1346 2325 libellus,
1393 2278 1459 2330 11111

38 2337 266 2379 inscribitur
299 2338 385 2378 ‘Der
416 2340 602 2382 kritische
633 2344 804 2397 Apparat
834 2358 881 2384 zu
904 2345 1060 2385 Ciceros
1092 2346 1244 2385 Briefen
1277 2359 1325 2386 an
1359 2347 1459 2387 Atti-

39 2405 137 2446 cus’:
175 2420 252 2459 quo
283 2408 411 2448 libello
443 2409 572 2450 Ilofm.
606 2413 750 2465 optime
783 2414 829 2453 de
861 2414 997 2454 Franc.
1021 2415 1229 2455 Petrarcha
1263 2416 1459 2463 disseruit,

39 2487 155 2525 quem
174 2475 371 2518 Ciceronis
403 2479 449 2518 ad
471 2479 641 2520 Atticum
664 2482 849 2534 epistulas
871 2483 1090 2536 repperisse
1112 2491 1277 2533 constat,
1311 2491 1455 2526 statum

130 2639 161 2680 ²⁸)
202 2641 245 2673 W
297 2647 347 2674 651
397 2644 542 2686 scriptus
586 2649 671 2676 16516
713 2647 892 2688 Spnngolio
936 2655 1079 2681 exeunte
1122 2649 1178 2682 XI.
1222 2650 1276 2681 vol
1321 2650 1458 2683 ineunte

40 2691 113 2726 ΧΙΙ.
140 2696 286 2728 saeculo.

1206 2760 1245 2794 l*
