1821 3077
597 157 1045 197 ——157—

105 274 199 314 inde
241 275 499 328 suspicamur,
546 275 649 326 quod
695 275 848 328 saepius
880 277 918 315 Σ
944 287 1073 314 veram
1114 275 1320 314 lectionem
1360 275 1531 327 praebet,

102 344 169 384 ubi
192 345 229 383 in
253 344 290 386 M
312 350 379 384 aut
399 343 438 383 in
462 343 498 382 M
518 350 569 395 -f—
590 358 606 384 s
638 345 778 384 litteris
801 351 837 384 et
860 345 1015 397 syllabis
1039 345 1134 384 falso
1166 345 1386 384 coniunctis
1413 344 1531 384 mira-

103 413 199 453 biles
232 426 385 454 errores
415 414 663 454 exstiterunt.
724 414 849 454 Pauca
882 414 959 454 iam

746 563 796 597 de
827 557 884 597 Μ2

103 672 362 712 exponemus;
393 659 444 698 ita
477 658 579 698 enim
613 659 711 698 ratio
744 659 1050 711 institutumque
1073 666 1230 698 nostrae
1253 659 1532 710 disputationis

103 730 191 774 fert,
234 734 287 775 ut,
329 740 418 767 eum
452 727 514 766 alii
547 728 730 779 philologi
763 741 781 765 a
817 729 867 766 311
899 735 936 767 et
969 727 1021 766 Μ2
1055 728 1218 779 profecti
1252 728 1331 767 sint
1363 729 1408 767 ad
1443 729 1533 767 reli-

103 809 201 848 quos
225 797 377 835 codices
401 797 690 843 examinandos,
724 810 795 836 uos
817 810 863 835 ex
887 797 1000 836 CZW
1023 797 1134 835 initio
1158 797 1374 836 disserendi
1405 805 1532 850 capto,

103 873 309 918 postquam
344 866 488 917 aliquid
521 866 567 904 de
589 867 626 905 Σ
651 866 738 904 inde
767 866 953 905 constitui
976 879 1091 918 posse
1114 866 1224 905 nobis
1248 867 1530 918 persuasimus,

104 935 143 974 in
177 933 231 973 M²
263 935 412 974 exitum
445 942 484 974 et
515 936 631 973 finem
666 935 817 974 dicendi
850 935 1075 974 habeamus.
1130 935 1182 973 De
1203 935 1256 973 M²
1292 935 1409 986 igitur
1440 937 1534 975 haee

105 1017 177 1044 nos
208 1004 402 1043 invenisse
434 1011 637 1056 putamus:

171 1083 210 1132 1)
242 1081 452 1133 Pleraeque
499 1082 684 1120 lectiones
723 1081 773 1119 M2
824 1081 860 1120 in
900 1081 1069 1120 ENHOP
1109 1087 1176 1120 aut
1217 1081 1304 1120 inde
1345 1095 1365 1121 a
1407 1083 1533 1122 medio

238 1151 336 1190 libro
370 1151 434 1190 VH
465 1151 504 1189 in
538 1150 638 1189 EOR
670 1151 728 1189 vel
761 1150 860 1189 ORP
893 1151 1158 1190 inveniuntur.

169 1229 211 1280 2)
243 1228 298 1267 Ex
343 1229 389 1267 iis
435 1228 666 1268 lectionibus
714 1228 779 1275 ΜΞ,
826 1241 923 1280 quae
971 1242 1049 1268 non
1097 1237 1191 1269 sunt.
1238 1229 1276 1268 in
1316 1229 1532 1276 ENHORP,

241 1298 447 1350 pleraeque
495 1297 717 1337 coniectura
764 1298 1001 1349 excogitatae
1047 1306 1135 1339 sunt
1178 1312 1304 1351 neque
1344 1299 1534 1350 genuinae

241 1367 419 1406 lectionis
451 1366 721 1406 auctoritatem
757 1366 910 1405 habent.

169 1445 212 1497 3)
243 1444 390 1484 Paucas
420 1445 606 1484 lectiones
638 1458 684 1484 ex
718 1444 784 1493 ΜΖ,
832 1458 929 1496 quae
977 1458 1056 1484 non
1103 1453 1197 1485 sunt
1241 1446 1280 1486 in
1314 1446 1532 1495 ENHORP,

243 1527 322 1554 nou
355 1514 577 1554 coniectura
610 1521 782 1566 repertas
815 1527 899 1554 esse
922 1515 1132 1563 credimus,
1165 1517 1269 1567 quod
1304 1518 1397 1556 tales
1430 1525 1534 1565 sunt,

246 1590 288 1623 ut
319 1596 397 1623 non
430 1584 538 1623 facile
571 1584 779 1635 excogitari
810 1584 1022 1636 potuerint.

222 1653 356 1704 Itaque
402 1653 589 1692 lectiones
622 1653 675 1692 Μ2
702 1658 738 1688 ÷
767 1653 987 1700 ENHORP,
1035 1653 1115 1692 sive
1162 1666 1273 1692 verae
1320 1660 1412 1693 sunt
1457 1654 1537 1694 sive

110 1722 239 1770 falsae,
287 1735 333 1761 ex
363 1723 492 1774 aliquo
525 1722 655 1761 eodice
689 1729 866 1774 sumptas
898 1735 983 1761 esse
1015 1728 1194 1774 apparet3
1240 1735 1328 1761 nan]
1369 1736 1417 1761 ne
1449 1724 1537 1775 quis

112 1791 226 1839 dieat,
272 1790 323 1830 Μ2
371 1791 499 1843 primo
543 1791 581 1830 in
621 1791 750 1831 codice
783 1791 951 1831 Mediceo
985 1791 1218 1843 adscriptas,
1265 1798 1355 1844 post
1392 1805 1438 1830 ex
1474 1793 1537 1831 illo

112 1861 244 1901 codice
289 1861 327 1901 in
360 1860 564 1899 ENHORP
604 1864 798 1913 profectas
837 1874 934 1908 esse,
982 1867 1019 1899 et
1052 1861 1081 1899 E
1114 1861 1254 1909 obstat,
1302 1874 1435 1913 quem.
1465 1874 1537 1901 nos

110 1930 219 1983 prius
260 1942 377 1982 quam
408 1929 442 1968 M
475 1935 674 1970 exaratum
698 1943 783 1970 esse
806 1930 1036 1977 iudicamus,
1070 1937 1108 1970 et
1129 1931 1335 1970 consensio
1358 1931 1536 1970 omnium

111 1999 288 2039 eodieum
321 2000 368 2038 Σ.

225 2068 332 2115 Quae
372 2080 460 2107 eum
502 2067 553 2108 ita
594 2068 690 2117 sint,
739 2069 812 2108 hoe
845 2069 959 2108 modo
992 2069 1065 2107 iam
1101 2082 1161 2108 res
1194 2069 1434 2109 instituenda
1466 2077 1537 2116 est,

113 2143 156 2176 ut
183 2149 320 2176 omnes
341 2136 528 2177 lectiones
550 2137 618 2185 M2,
649 2151 747 2190 quae
769 2151 847 2177 non
872 2145 965 2177 sunt
995 2138 1032 2177 in
1057 2138 1274 2187 ENHORP,
1307 2138 1539 2190 colligantur

113 2212 226 2258 atque
273 2206 312 2245 in
360 2218 443 2245 eam
491 2219 572 2246 rem
622 2207 854 2258 inquiratur,
903 2220 996 2246 num
1041 2220 1177 2247 omnes
1219 2208 1315 2247 tales
1352 2208 1539 2247 lectiones

113 2276 244 2314 eadem
294 2287 408 2314 manu
459 2276 495 2314 in
536 2275 569 2314 M
617 2276 832 2328 adscriptae
879 2276 974 2322 sint,
1024 2285 1154 2316 utrum
1203 2290 1379 2329 quaeque
1425 2276 1539 2316 lectio

113 2343 335 2383 coniectura
372 2356 455 2383 esse
488 2357 535 2383 an
569 2358 614 2384 ex
645 2345 772 2397 aliquo
804 2346 934 2385 codiee
966 2346 1154 2397 migrasse
1186 2346 1380 2385 videatur:
1420 2358 1536 2397 quam

115 2425 196 2452 rem
230 2426 346 2452 nemo
378 2413 521 2465 poterit
551 2415 734 2454 omnibus
766 2415 941 2454 numeris
973 2416 1170 2467 perficere,
1210 2415 1285 2454 nisi
1316 2414 1377 2454 cui
1410 2414 1540 2454 licebit

115 2481 199 2534 ipso
231 2482 363 2521 codice
387 2482 554 2521 Medieeo
587 2483 651 2522 diu
686 2483 759 2533 uti;
791 2490 829 2523 et
863 2491 989 2524 lamen
1020 2484 1182 2523 ‹lubiun'i
1207 2490 1277 2530 est,
1311 2496 1405 2522 num
1429 2481 1539 2534 res*)

208 2652 234 2686 *)
264 2652 412 2683 Alter-uu
455 2651 632 2685 rationem,
671 2662 730 2692 qua
766 2654 981 2683 cmiii-rturae
1015 2663 1054 2683 vx
1083 2652 1128 2683 312¹
1166 2652 1268 2683 l'aeile
1302 2655 1538 2690 agnoscantur,

117 2703 206 2737 iufra
233 2716 262 2748 p.
292 2705 353 2737 185
380 2715 552 2748 exponam.
