1821 3077
100 273 169 313 alii
194 284 283 312 vero
314 275 522 311 amicorum
553 270 728 322 beneficio
759 277 837 310 tam
868 274 907 310 iu
938 283 1013 316 me,
1053 283 1164 322 quam
1205 273 1243 309 iu
1282 283 1407 310 omues
1438 271 1514 310 elo-

100 344 272 394 quentiae
300 340 485 380 studiosos
519 351 702 392 perquam
734 340 899 392 officioso
938 340 1097 379 exhibiti
1134 347 1240 379 sunt:
1288 342 1385 378 iuter
1432 352 1522 391 quos

100 423 176 450 non
194 422 345 461 paucos,
377 421 493 461 neque
522 410 765 458 poenitendos
786 409 890 448 uobis
913 412 1200 448 communicavit
1222 408 1274 448 Io.
1298 408 1521 455 Sicleordus,

101 486 272 519 veterum
301 481 616 518 monimentorum
648 485 888 517 conservator
920 478 1237 529 diliqentissimus.
1294 476 1400 515 Unde
1431 479 1521 529 fac-

100 555 180 587 tum
217 555 286 593 est,
332 555 373 586 ut
410 553 581 597 coeptum
627 550 819 598 neqocium
859 549 1045 598 principio
1084 546 1368 598 difficillimum,
1406 547 1524 596 paulo

100 620 244 657 minori
272 618 423 668 neqocio
457 617 705 667 confecerim:
737 617 836 668 quod
857 616 1016 656 libenter
1047 623 1081 655 et
1111 618 1270 667 ingenue
1302 622 1335 654 et
1355 616 1525 666 fatemur

101 694 135 726 ct
167 688 434 738 cognoscimus,
467 687 667 737 amicisque
699 691 887 736 acceptum
917 686 1100 736 ferimus:
1140 685 1277 723 multas
1308 687 1406 723 enirn
1439 685 1524 724 iude

101 755 255 795 mendas
291 755 523 801 sustulimus,
571 767 664 805 quae
697 756 846 805 priores
883 754 1088 793 (reditiones
1118 760 1369 804 occuparant:
1417 760 1525 805 atque

99 823 139 864 id
170 830 255 863 ante
293 825 420 862 omnia
459 825 501 862 in
532 822 696 873 epistolis
737 824 785 861 ad
818 822 989 863 Atticum.
1052 822 1224 861 Attamen
1270 822 1390 861 sicubi
1423 824 1525 873 forte

100 899 258 945 propter
288 892 518 932 mendarum
551 892 807 931 diversitatem
842 892 1045 931 eliciendae
1085 894 1288 930 sententiae
1320 892 1526 943 difficultas

100 962 377 1007 suboriebatur,
419 960 640 1012 reliquimus
671 967 750 1000 tum
780 961 834 1000 ibi
862 973 923 1000 eos
954 961 1063 999 locos.
1104 960 1290 1011 praefixis
1323 961 1524 1001 literarum

98 1032 249 1083 formis,
280 1033 380 1083 siqui
407 1032 495 1073 vice
535 1029 666 1068 lectori
694 1031 871 1069 acutioris
901 1029 1033 1069 iudicii
1061 1030 1323 1075 emulcendos,
1364 1037 1397 1068 et
1435 1041 1521 1069 con—

98 1102 244 1140 iectura
274 1099 523 1152 colligendos?

216 1168 264 1208 Et
294 1181 339 1207 ex
371 1169 430 1208 his
463 1169 590 1209 verbis
622 1168 799 1208 conicere
831 1167 920 1206 licet
956 1173 994 1206 et
1033 1180 1078 1206 ex
1112 1167 1158 1206 iis
1190 1168 1284 1207 locis
1317 1181 1415 1219 quos
1448 1169 1521 1207 iam

100 1238 270 1278 adferam
304 1245 465 1290 apparet
496 1238 752 1278 Cratandrum
787 1238 843 1276 vel
885 1236 1017 1288 potius
1064 1249 1167 1284 eum,
1216 1238 1281 1288 qui
1329 1237 1525 1277 Ciceronis

100 1320 215 1360 opera
246 1307 394 1346 edenda
426 1307 576 1347 curavit
607 1331 655 1334 ’Ἣ
697 1319 786 1345 nan]
822 1306 868 1344 M.
904 1305 1126 1345 Bentinium
1169 1313 1258 1346 ante
1297 1319 1395 1358 opus
1427 1319 1520 1346 con-

98 1376 244 1415 fectum
279 1382 479 1415 mortuum
511 1389 595 1415 esse
627 1376 666 1414 in
697 1377 829 1415 eadem
860 1377 978 1427 praes.
1003 1375 1186 1414 scribitur
1223 1400 1275 1421 m,
1309 1376 1522 1428 compluri-

99 1445 173 1484 bus
203 1444 402 1484 codicibus
435 1458 550 1484 usum
583 1457 690 1484 esse:
724 1445 838 1484 index
862 1444 1045 1489 Graecus,
1079 1444 1125 1483 de
1153 1457 1231 1494 quo
1262 1445 1362 1484 infra
1385 1445 1521 1497 dispu-

100 1513 281 1560 tabimus,
313 1514 359 1553 ad
387 1514 403 1552 I
429 1515 462 1561 1,
486 1515 511 1552 4
550 1513 600 1552 ‘in
635 1514 914 1553 vetustioribus
946 1513 1144 1553 codicibus
1177 1514 1388 1565 legebatur,
1422 1512 1517 1553 ἐπεὶ

101 1579 178 1633 οῧχ
200 1613 208 1621 .
233 1613 240 1621 .
265 1613 272 1621 .
297 1582 338 1629 .’;
377 1582 491 1622 index
524 1583 694 1622 Graecus
726 1583 771 1622 ed
804 1583 852 1621 IV
875 1583 912 1630 7,
936 1583 959 1619 '2
993 1583 1147 1633 ‘legitur
1186 1589 1314 1622 tamen
1349 1584 1387 1622 in
1420 1596 1520 1623 non—

101 1651 217 1691 nullis
255 1651 453 1691 codicibus
493 1651 576 1702 οῗχ’
610 1648 708 1704 ὁσίη
734 1682 741 1690 .
766 1682 773 1689 .
799 1651 841 1698 .’;
888 1651 1003 1690 index
1044 1651 1213 1690 Graecus
1253 1652 1298 1690 ad
1336 1653 1384 1690 IV
1417 1652 1474 1699 13,
1506 1655 1517 1691 l

103 1719 182 1760 ‘sed
227 1719 266 1758 in
299 1719 577 1759 vetustioribus
625 1720 912 1771 exemplaribus
959 1719 1098 1770 legitur
1131 1720 1357 1772 wranov}
1408 1721 1521 1760 index

101 1789 270 1828 Graecus
300 1788 345 1827 ad
369 1789 398 1827 V
420 1789 457 1836 4,
486 1791 499 1827 1
538 1793 546 1809 ‘
571 1819 579 1827 .
605 1819 611 1827 .
635 1788 672 1827 in
696 1789 929 1841 quibusdam
963 1788 1047 1827 aliis
1079 1788 1278 1829 codicibus
1300 1790 1520 1842 legebatur,

101 1854 491 1907 dvo‘dtoivao‘zov'3
538 1858 652 1897 index
699 1859 867 1897 Graecus
913 1858 958 1897 ad
1008 1857 1072 1895 Vll
1106 1860 1147 1904 ¹1,
1178 1859 1202 1897 ἒ)
1241 1862 1278 1896 ².
1306 1889 1346 1897 ..
1381 1859 1523 1898 babent

101 1927 224 1966 nostri
255 1926 416 1975 codices,
455 1924 690 1981 ἀμεμηνά’;
729 1927 755 1966 C
787 1928 834 1966 ad
867 1928 948 1966 Vlll
980 1928 1039 1975 16,
1064 1927 1087 1965 2
1122 1928 1288 1973 utorium,
1321 1934 1388 1967 aut
1419 1935 1522 1967 certe

101 1996 266 2041 (tomum,
298 2002 511 2047 utrumque
542 1996 645 2035 enim
680 1996 824 2035 habent
854 1997 945 2035 anti.
975 1997 1097 2045 cod.';
1129 1997 1244 2036 index
1273 1998 1442 2037 Graecus
1474 1997 1518 2036 ad

102 2064 258 2111 1X5‚3
305 2065 459 2104 ‘Verum
505 2065 544 2104 in
577 2065 739 2105 vetustis
776 2065 974 2105 codicibus
1022 2066 1083 2105 bic
1125 2079 1258 2106 versus
1305 2067 1369 2118 qui
1419 2073 1521 2105 extat

102 2133 206 2173 iliad.
240 2133 327 2173 6..
353 2133 391 2182 ‚⁷3
423 2134 537 2173 index
569 2135 738 2173 Graecus
775 2134 820 2173 ad
853 2134 919 2173 XV
943 2137 979 2182 5,
1007 2137 1018 2173 ’1
1061 2136 1230 2175 ‘tametsi
1268 2135 1330 2175 alii
1369 2135 1520 2175 codices

102 2202 280 2247 habeant,
318 2198 389 2241 ὅτε
413 2232 420 2240 .
445 2232 453 2240 .
477 2202 517 2249 .’;
564 2202 675 2241 index
708 2203 877 2242 Graecus
916 2204 961 2242 ad
994 2204 1060 2242 XV
1083 2205 1119 2252 Q,
1145 2206 1168 2243 4
1202 2205 1252 2243 ‘in
1286 2204 1518 2255 quibusdan]

103 2271 263 2313 codicib.
296 2271 379 2322 lego
412 2272 540 2311 πέντε
573 2269 597 2325 ἦ
628 2270 815 2312 λοιπόν’.

214 2340 336 2379 Totus
368 2345 496 2379 textus
527 2340 707 2380 editionis
741 2340 1016 2381 Cratandrinae
1049 2342 1191 2393 pendet
1221 2355 1266 2381 ex
1299 2342 1360 2387 A2,
1395 2342 1440 2380 A2
1475 2355 1518 2381 ex

101 2409 163 2457 ΑΙ,
194 2409 241 2448 Α1
275 2407 442 2460 denique
472 2421 517 2447 ex
553 2409 586 2455 Ι;
627 2422 863 2462 quamquain
898 2411 942 2449 A*
978 2418 1016 2449 et
1047 2412 1095 2449 Α2
1127 2425 1168 2450 ea
1209 2424 1306 2463 quae
1339 2411 1375 2449 in
1413 2411 1423 2448 Ι
1459 2411 1517 2449 in-

103 2477 355 2517 veniebantur
386 2483 452 2517 aut
483 2490 526 2516 ex
559 2478 618 2516 ed.
642 2478 813 2518 Romana
847 2487 913 2519 aut
935 2493 979 2519 ex
1004 2479 1200 2519 codicibus
1225 2479 1355 2518 nescio
1377 2479 1518 2530 quibus

103 2553 170 2586 aut
190 2559 235 2585 ex
257 2546 339 2586 suis
360 2546 572 2586 aliorumve
595 2546 797 2586 doctorum
822 2548 1024 2588 bominum
1057 2548 1290 2587 coniecturis
1319 2548 1520 2599 corrigunt

104 2615 162 2655 vel
193 2621 366 2664 mutant3
398 2618 445 2655 cf.
480 2615 687 2654 llofmanni
720 2615 780 2654 lib.
816 2630 850 2669 p.
875 2616 940 2656 31.

217 2684 351 2737 ltaque
384 2684 516 2724 multis
540 2684 770 2724 lectionibus
799 2698 819 2723 c
851 2698 937 2724 cum
964 2686 976 2724 1
1010 2684 1218 2732 consentit,
1251 2698 1348 2736 quae
1381 2684 1418 2724 in
1452 2697 1518 2725 co-
