1821 3077
113 181 280 221 editione
346 182 518 222 Romana
587 190 625 222 et
693 184 846 223 aliunde
913 185 1144 227 hauserunt,
1221 197 1330 224 verae
1398 190 1526 223 autem

112 251 296 290 lectiones
365 252 413 291 ab
471 251 544 291 Α12
610 253 800 304 repositae
869 260 936 292 aut
1005 266 1049 291 ex
1109 253 1282 292 Romana
1351 254 1529 293 videntur

113 321 306 372 profectae
364 328 431 360 aut
490 321 712 361 coniectura
764 328 868 361 ortae
919 335 1020 361 esse:
1082 322 1188 361 nullo
1238 322 1393 373 quidem
1446 323 1529 361 loco

112 389 184 428 Α12
254 389 478 430 melioribus
546 391 744 430 codicibus
810 404 925 443 quam
989 390 1229 431 ENHORPM
1297 404 1385 431 usas
1446 405 1529 431 esse

111 465 308 509 putamus.

225 527 345 567 Multo
376 527 486 568 aliter
516 535 632 580 atque
664 530 701 568 in
724 530 772 568 A1
795 537 834 569 et
854 530 902 568 A2
935 542 996 569 res
1019 529 1058 568 in
1081 528 1252 569 editione
1274 529 1529 569 Cratandrina

111 602 192 635 acta
224 603 302 642 est;
335 610 422 636 nam
456 598 626 650 primum
652 598 861 638 Cratander
891 599 1030 637 multas
1053 611 1099 637 ex
1121 598 1320 637 codicibus
1343 598 1530 637 lectiones

111 665 148 702 in
183 665 354 716 margine
386 666 534 718 posuit:
566 680 664 719 quae
696 667 880 706 lectiones
913 668 939 707 C
971 668 1105 719 quanti
1142 667 1406 706 aestimandae
1439 667 1529 713 sint,

110 740 215 773 recte
247 734 492 775 Hofmannus
523 749 560 788 p.
584 736 636 776 34
669 750 754 788 squ.
786 737 956 789 exponit.
1007 737 1119 784 Quod
1152 736 1184 775 si
1214 736 1310 776 istae
1341 736 1530 776 lectiones

110 803 149 842 in
200 803 308 843 libris
359 804 405 843 de
455 805 597 844 finibus
648 818 667 844 a
718 805 906 857 Madvigio
957 806 1071 845 editis
1121 812 1298 845 accurate
1351 806 1532 845 collectae

115 878 218 919 sunt,
249 885 486 925 quamquam
535 874 580 913 ad
621 887 686 913 eos
730 875 850 914 libros
897 875 1155 914 recensendos
1202 875 1371 926 antiquis
1417 882 1532 926 atque

111 941 222 980 bonis
255 942 465 989 codicibus,
498 942 681 982 Palatinis
712 945 741 982 A
772 950 810 983 et
842 945 870 983 Β
901 951 1016 996 atque
1040 944 1265 994 Erlangensi
1296 944 1336 991 E,
1370 943 1530 988 utimur,

113 1011 237 1049 multo
268 1011 391 1062 pluris
424 1012 451 1051 C
482 1011 521 1050 in
560 1012 737 1064 epistulis
769 1013 815 1052 ad
847 1012 1017 1052 Atticum
1051 1012 1247 1051 faciendae
1286 1018 1399 1059 sunt,
1442 1025 1530 1052 cum

110 1091 246 1118 omnes
278 1080 428 1119 codices
460 1080 526 1132 qui
558 1086 710 1120 exstant
740 1088 894 1133 praeter
930 1082 1146 1132 fragmenta
1179 1081 1531 1133 Wurceburgensia

112 1148 196 1188 XIV
230 1149 288 1187 vel
319 1149 381 1188 XV
415 1149 568 1189 saeculo
606 1150 740 1202 scripti
772 1151 861 1189 sint.
924 1151 998 1190 Sed
1032 1151 1070 1189 in
1102 1150 1187 1189 istis
1218 1150 1452 1190 lectionibus
1483 1164 1532 1190 ne

112 1217 204 1269 quid
236 1231 308 1257 nos
330 1218 435 1257 fallat
457 1231 592 1270 magna
626 1219 752 1258 cautio
774 1220 991 1259 adhibenda
1013 1227 1092 1259 est:
1125 1232 1241 1271 qnam
1266 1219 1377 1259 facile
1398 1227 1530 1260 autem

108 1286 302 1334 fallamur,
349 1287 480 1339 paucis
525 1287 817 1340 explicabimus.
882 1288 932 1327 De
972 1289 1115 1328 linibus
1146 1289 1180 1327 ΙΙ
1208 1291 1230 1337 ξ
1259 1290 1311 1328 56
1344 1290 1438 1328 haec
1471 1298 1532 1329 est

115 1355 283 1394 difficilis
314 1356 506 1395 sententia
537 1356 598 1396 Sic
629 1364 749 1396 vester
777 1360 925 1409 sapiens
955 1371 1092 1410 mayno
1123 1358 1249 1410 aliquo
1281 1359 1533 1398 emolumento

114 1431 317 1464 commotus
347 1437 432 1465 cum
468 1438 584 1465 causa
612 1428 647 1466 εἰ
676 1439 767 1478 opus
798 1430 869 1466 eric
900 1427 1103 1473 dimicabit,
1149 1427 1188 1466 in
1229 1440 1303 1480 qua
1349 1428 1441 1479 quid
1483 1429 1533 1467 sit

70 1522 73 1525 -
113 1505 198 1533 cum
228 1506 343 1533 causa
373 1494 534 1533 dubium
568 1502 628 1533 est
659 1508 784 1546 neque
822 1509 892 1534 nos
930 1496 1120 1547 explicare
1157 1509 1390 1549 possumus:
1437 1497 1531 1537 illud

114 1568 263 1601 certum
286 1569 357 1609 est,
391 1564 419 1601 A
438 1563 466 1601 B
499 1563 640 1602 habere
672 1577 757 1603 cum
789 1577 914 1608 causa,
948 1566 975 1604 C
999 1565 1161 1604 eandem
1196 1566 1398 1605 lectionem
1434 1580 1532 1618 quae

112 1638 172 1670 est
217 1631 254 1670 in
301 1631 560 1671 deterioribus
597 1633 796 1671 codicibus
844 1636 965 1673 anime·
1004 1647 1129 1673 causa.
1204 1635 1296 1673 Mira
1351 1642 1410 1674 est
1460 1636 1531 1675 ista

116 1700 308 1739 dissensio
347 1700 448 1739 inte1
478 1701 625 1753 A÷B
657 1709 695 1740 et
726 1704 765 1748 C,
812 1702 996 1753 quoniini
1039 1703 1172 1742 multis
1210 1703 1335 1755 iisque
1375 1704 1532 1756 optimis

115 1769 348 1808 lectionibus
379 1776 550 1821 appar,et
598 1770 625 1809 C
657 1771 862 1821 gemellum
910 1785 995 1811 esse
1037 1772 1214 1812 codicum
1248 1773 1531 1840 Palatinoium:

117 1838 220 1877 unde
252 1838 369 1889 igitui
399 1839 472 1878 ista
504 1839 726 1879 coniectura
758 1863 811 1866 —
843 1853 932 1879 nam
967 1844 1089 1881 anzmi
1118 1855 1231 1881 cansa
1269 1842 1531 1882 coniectinam

113 1920 199 1946 esse
221 1914 324 1946 recte
346 1907 558 1959 Madvigius
580 1908 769 1948 intellexit
790 1933 842 1936 ῌ
867 1911 902 1948 in
926 1909 1097 1949 codicem
1122 1911 1322 1950 Cratandri
1345 1910 1532 1964 irrepsit?

116 1975 200 2014 Erit
230 1975 297 2027 qui
329 1977 505 2023 coniciat‚
537 1978 739 2017 Cratandri
772 1979 946 2018 codicem
979 1993 1024 2017 ex
1057 1981 1192 2019 eodem
1227 1987 1386 2032 parente
1418 1988 1534 2032 atque

114 2043 214 2095 Α-Ι-
234 2044 262 2083 Β
294 2046 524 2096 profectum,
566 2053 655 2097 post
692 2054 822 2086 autem
861 2048 1025 2088 lectione
1057 2062 1100 2087 ex
1134 2049 1392 2088 deterioribus
1425 2049 1532 2089 codi-

115 2113 224 2152 cibus
256 2113 392 2152 hausta
434 2123 662 2166 corruptum
697 2129 792 2154 esse.
855 2117 960 2164 Quae
1007 2118 1229 2157 coniectura
1275 2131 1392 2169 quam
1440 2119 1531 2157 falsa

115 2182 175 2229 sit,
208 2182 308 2221 idem
343 2182 451 2221 facile
482 2183 695 2235 intelleget,
734 2185 763 2223 si
797 2185 987 2225 editiones
1018 2187 1271 2226 Ascensianas
1303 2187 1533 2239 inspexerit3

115 2263 204 2290 nam
236 2257 275 2290 et
311 2250 356 2289 Α]
404 2257 441 2289 et
477 2251 525 2289 A2
572 2251 609 2290 in
659 2253 828 2304 margine
875 2255 1018 2293 habent
1063 2259 1183 2295 am'mz'
1225 2269 1357 2300 causa,
1403 2257 1532 2307 itaque

115 2320 366 2360 Cratandrina
411 2320 527 2359 editio
574 2320 687 2360 istam
729 2323 934 2362 lectionem
983 2337 1025 2363 ex
1058 2325 1105 2362 ΑΙ
1138 2331 1177 2364 et
1207 2325 1253 2363 Α71
1288 2325 1445 2376 accepit.
1479 2349 1531 2353 —

115 2389 170 2428 Ad
201 2389 279 2429 Au.
301 2388 351 2428 xl
379 2390 440 2435 17,
466 2390 484 2427 1
521 2389 558 2428 Ρ.
597 2398 703 2429 canta
748 2404 788 2430 eo
818 2405 876 2431 me
905 2392 944 2431 in
977 2393 1175 2432 codicibus
1208 2393 1415 2433 invenitur.
1477 2394 1531 2432 Ex

115 2457 154 2496 P.
175 2465 283 2497 tanta
303 2457 510 2509 Malaspina
539 2458 848 2508 ingeniosissime
876 2474 919 2499 ac
946 2463 1163 2501 rectissime
1186 2461 1321 2501 Putalo
1342 2463 1533 2511 restituit;

117 2527 198 2565 1A²
223 2540 243 2565 c
287 2526 431 2565 habent
475 2526 635 2565 eandem
684 2527 886 2567 lectionem
929 2530 968 2568 P.
999 2538 1123 2577 ιαηῑα,
1171 2533 1198 2569 (2
1240 2544 1327 2570 vero
1375 2532 1532 2583 praebet

118 2593 245 2634 Pudet.
308 2594 418 2634 Unde
467 2595 619 2634 tandem
668 2595 770 2635 istud
811 2597 924 2637 Pudet
962 2599 1171 2637 Cratander
1217 2597 1378 2639 hausit?
1423 2600 1456 2640 si
1486 2613 1531 2640 ex
