1821 3077
0 1075 8 1122 ‘wv-
0 1060 2 1064 ⁴
0 1039 3 1051 v,

0 1261 18 1608 flwq-ssnv-ae
0 1151 11 1251 ἡὴ
0 1130 4 1144 v·

617 162 1059 204 —139—

133 282 320 335 scriptum
345 282 463 321 fuisse
486 294 648 333 eamque
671 282 873 320 lectionem
893 281 936 328 R,
952 281 979 320 P
1001 281 1190 332 integram
1212 293 1396 320 servasse.
1415 288 1547 320 contra

133 352 182 400 M,
225 358 266 391 ut
297 351 440 403 aliquid
473 350 659 390 scriberet
689 351 791 402 quod
827 350 1005 390 Latinum
1039 356 1153 397 esset,
1195 350 1379 389 destructo
1409 363 1469 390 res
1499 358 1552 390 est

133 421 325 469 effecisse;
357 420 459 460 unde
480 420 530 468 id,
552 421 656 472 quod
680 419 734 459 31³
758 421 793 459 in
819 419 990 471 margine
1012 419 1179 471 scripsit,
1201 419 1346 458 sestalli
1365 419 1548 458 haustum

133 491 196 538 sit,
228 502 307 529 non
339 489 448 529 facile
471 489 545 529 dici
576 496 718 542 potest.
744 513 793 516 a
826 489 911 528 XIV
934 489 997 536 10,
1022 488 1066 527 2:
1098 488 1192 528 mihi
1219 489 1369 540 quidem
1400 501 1449 528 ecc
1477 491 1552 528 tuis

133 559 266 599 litteris
311 561 536 599 coniectanti
576 561 628 598 ita
671 559 879 598 videbatur.
941 558 968 597 C
1010 563 1049 597 et
1087 558 1207 597 codex
1240 557 1428 605 sichardi,
1475 570 1552 609 quo

134 628 274 667 Beatus
305 627 516 667 Rhenanus
560 641 654 667 usus
697 634 767 673 est,
814 633 916 666 recte
948 629 1180 673 coniectanti,
1228 626 1264 665 M
1296 639 1377 665 cum
1411 626 1552 673 letautt',

135 697 286 745 0,R,P
309 697 541 737 conlectanti.
588 697 682 744 Quis
706 697 847 741 eredat,
881 698 918 736 Σ
935 697 981 736 ab
1014 696 1124 735 initio
1156 708 1201 735 ex
1234 695 1269 734 M
1302 708 1385 735 cum
1419 696 1552 736 letantz'

133 766 327 814 habuisse,
366 774 455 819 post
496 766 793 818 interpolatione
832 765 1056 806 conlectauti
1091 765 1130 804 in
1163 766 1199 804 Σ
1233 765 1405 816 positum
1438 762 1553 804 esse?

133 836 274 875 Contra
305 837 376 882 fae,
407 835 447 874 in
479 835 608 874 codice
639 835 673 874 X
707 834 1043 875 CONIECTANTI
1074 834 1210 873 fuisse:
1249 840 1420 886 apparet,
1453 833 1492 872 in
1524 833 1554 872 Y

132 907 356 945 coniectanti
390 910 494 944 reete
531 904 720 956 scriptum
754 905 888 950 fuisse,
936 904 974 942 in
1008 905 1058 949 Ω,
1097 916 1185 942 cum
1221 903 1233 942 l
1263 915 1333 954 pro
1364 905 1379 941 i
1407 902 1553 942 scribe-

132 980 253 1022 retur,
285 973 511 1014 conlectanti
528 973 744 1026 irrepsisse,
777 974 881 1012 istud
904 972 1139 1019 conlectanti,
1172 972 1275 1024 quod
1299 984 1347 1011 ne
1371 971 1552 1010 Latinum

135 1042 293 1095 quidem
318 1049 389 1090 est,
411 1043 449 1081 in
473 1044 511 1082 Σ
527 1042 723 1093 integrum
749 1042 953 1089 mansisse,
978 1042 1025 1088 M,
1051 1049 1091 1081 ut
1114 1041 1343 1081 vocabulum
1371 1040 1554 1080 Latinum

133 1112 223 1151 inde
255 1112 437 1154 efficeret,
481 1124 565 1151 cum
604 1111 738 1151 letanti
772 1111 998 1150 coniecisse.
1032 1134 1084 1138 —
1125 1110 1189 1149 XV
1213 1110 1249 1157 3,
1277 1111 1317 1148 1:
1355 1110 1555 1150 Undecimo

133 1180 220 1220 Kal.
252 1183 381 1233 accepi
409 1181 505 1220 duas
534 1181 714 1233 epistulas
744 1188 840 1221 tuas.
873 1181 1006 1233 <litibus
1033 1180 1180 1219 duabus
1201 1182 1290 1219 meis
1311 1179 1554 1232 respondisti3

133 1250 184 1290 ita
213 1249 329 1289 habet
353 1250 406 1297 M;
437 1256 570 1289 eontra
595 1249 686 1296 ZL2‚
710 1250 769 1288 ΖΒ
800 1252 926 1301 accepi
955 1253 1036 1289 nati
1066 1250 1161 1288 [luas
1192 1249 1380 1300 epistulas.
1413 1248 1458 1286 de
1481 1259 1556 1299 qua

137 1319 304 1358 lectione
336 1332 451 1371 supra
484 1331 521 1371 p.
545 1319 570 1358 9
603 1318 903 1371 disputavimus3
937 1318 1028 1357 0.R
1067 1317 1209 1357 habent
1246 1320 1372 1368 accepi
1405 1319 1497 1363 nati,
1528 1315 1557 1354 P

132 1391 259 1440 accepi
284 1391 396 1428 nacti.
448 1388 697 1427 Manifestum
730 1395 801 1430 est,
834 1388 873 1426 in
906 1389 943 1426 Ω
975 1389 1100 1439 accepi
1126 1390 1213 1427 uati
1239 1386 1362 1425 fuisse
1393 1397 1556 1436 eamque

132 1456 339 1496 lectionem
370 1456 409 1495 in
433 1457 470 1495 Σ
497 1456 686 1508 integram
721 1456 925 1503 mansisse,
957 1455 996 1494 in
1018 1455 1053 1494 M
1085 1459 1177 1501 nati,
1209 1455 1313 1506 quod
1347 1455 1439 1506 quid
1484 1453 1557 1492 sibi

134 1525 259 1572 vellet,
290 1537 368 1565 non
391 1525 611 1577 apparebat,
644 1525 812 1564 deletum
847 1538 943 1564 esse.
986 1548 1039 1552 —
1069 1525 1134 1563 XV
1161 1524 1223 1571 13,
1248 1525 1291 1564 7:
1334 1524 1437 1563 Haec
1469 1536 1553 1562 cum

134 1595 347 1639 scriberem,
380 1602 526 1635 tantum
556 1596 655 1646 quod
684 1595 947 1634 existimabam
978 1595 1027 1634 acl
1058 1602 1090 1634 te
1121 1597 1329 1634 orationem
1360 1606 1434 1633 esse
1463 1605 1553 1645 per-

136 1664 272 1704 latam:
302 1663 370 1703 hui
396 1676 511 1716 quam
540 1667 651 1704 timeo
672 1665 760 1716 quid
781 1659 990 1704 existimes!
1037 1663 1064 1702 C
1087 1663 1202 1702 hahet
1223 1663 1422 1715 perlatam.
1468 1662 1556 1702 Hui.

136 1733 172 1772 M
198 1733 372 1785 praebui,
412 1732 463 1772 Ol
493 1732 642 1784 perhui,
681 1732 712 1771 R
740 1733 895 1784 perium
942 1733 970 1771 P
1003 1733 1159 1784 scripsit
1185 1745 1267 1784 per.
1316 1731 1449 1771 omisit
1480 1732 1557 1772 hui,

136 1802 201 1841 sed
241 1802 293 1840 ita
326 1808 369 1840 ut
400 1814 564 1841 vacuum
597 1802 766 1854 spatium
799 1809 985 1853 quattuor
1019 1803 1096 1841 fere
1127 1802 1347 1841 litterarum
1379 1801 1559 1840 relictum

136 1870 198 1910 sit.
251 1870 352 1918 Quid
384 1868 504 1922 ergo?
550 1870 692 1922 Ecquis
724 1871 809 1917 erit,
842 1872 906 1922 qui
940 1870 1133 1922 quendam
1167 1871 1325 1910 doctum
1359 1869 1557 1909 hominem

136 1940 175 1978 in
198 1941 235 1979 Σ
264 1939 336 1979 hoc
366 1940 484 1979 modo
515 1952 599 1979 rem
621 1941 745 1991 egisse
767 1949 896 1992 putet:
945 1939 1124 1980 ‘Praebui
1151 1939 1189 1978 in
1223 1939 1470 1978 meowodice
1501 1944 1562 1978 est

138 2021 264 2061 neque
308 2009 345 2048 id
391 2009 484 2060 quid
531 2010 583 2048 sit
620 2009 821 2060 intellego,
870 2009 935 2048 sed
983 2009 1174 2061 scriptum
1214 2008 1324 2047 video
1364 2008 1403 2046 in
1441 2008 1561 2047 altero

137 2078 269 2118 codiee
294 2078 443 2130 perleui,
475 2079 578 2130 quod
610 2091 658 2118 ne
692 2078 868 2118 Latinum
902 2078 1059 2129 quidem
1094 2085 1171 2125 est3
1208 2077 1338 2128 itaque
1369 2078 1445 2116 sert
1475 2076 1560 2115 ani—

140 2160 240 2194 mus,
273 2147 308 2186 id
331 2147 434 2198 quod
457 2147 639 2186 Latinum
664 2156 723 2186 est
752 2147 889 2190 delere,
922 2147 958 2185 id
982 2147 1085 2198 quod
1118 2159 1165 2185 ne
1189 2146 1370 2185 Latinum
1403 2145 1560 2197 quidem

139 2225 197 2256 est
241 2214 470 2268 reponere?
517 2218 657 2256 Contra
698 2218 769 2262 fae,
816 2224 854 2255 et
884 2218 921 2255 Σ
950 2223 987 2255 et
1022 2220 1059 2254 A
1092 2228 1138 2254 ex
1169 2218 1206 2254 ,Q
1244 2218 1439 2266 profectos
1477 2227 1563 2253 esse

139 2293 254 2336 atque
286 2285 325 2323 in
349 2286 385 2324 Ω
418 2285 536 2324 latam
569 2298 653 2324 esse
685 2286 893 2325 omissum:
926 2285 1126 2336 intelleges
1154 2284 1293 2336 ρει-ἤια·
1322 2284 1361 2323 in
1384 2285 1420 2322 Σ
1451 2295 1562 2322 man-

141 2355 250 2402 sisse,
282 2355 331 2401 M,
370 2361 414 2393 ut
444 2354 625 2393 Latinum
659 2355 830 2394 efficeret
862 2354 1104 2401 vocabulum,
1148 2354 1310 2405 praebui
1338 2352 1561 2392 coniecisse.

140 2446 193 2451 —
225 2422 291 2462 XV
316 2421 378 2470 18,
406 2423 447 2461 1:
482 2426 616 2475 scripsi
643 2425 692 2463 ad
726 2423 974 2469 Dolabellam,
1009 2436 1077 2467 me,
1108 2426 1142 2463 si
1169 2425 1204 2462 ei
1233 2423 1437 2467 videretur,
1470 2421 1563 2460 velle

136 2492 335 2545 proficisci,
362 2495 524 2545 petiique
557 2492 601 2531 ab
634 2505 673 2532 eo
706 2493 749 2532 de
779 2493 892 2532 mulis
924 2500 1098 2532 vecturae
1119 2492 1299 2542 [itineris].
1348 2490 1561 2529 Lambinus

141 2562 182 2601 in
212 2561 428 2614 posteriore
461 2561 628 2600 editione
660 2562 850 2608 adfirmat,
882 2565 1028 2601 itineris
1060 2574 1136 2600 non
1170 2572 1254 2599 esse
1286 2559 1323 2597 in
1358 2558 1404 2604 Z,
1450 2558 1561 2598 cuius

142 2630 430 2670 adnotationem
467 2630 641 2669 Baiterus
683 2631 795 2682 plane
834 2630 1014 2682 neglexit:
1062 2632 1206 2669 itineris
1243 2627 1358 2667 habet
1388 2627 1436 2674 M,
1483 2639 1560 2666 non

146 2699 261 2739 habet
306 2699 365 2746 W,
416 2699 440 2738 i.
487 2714 518 2738 e.
566 2699 659 2738 iilud
712 2700 993 2749 fragmentum,
1045 2698 1156 2738 euius
1203 2696 1385 2736 lectiones
1436 2709 1561 2748 nuper
