1821 3077
800 103 1209 144 -34—

299 220 391 260 haec
421 220 459 259 in
491 221 810 272 interpretatione
843 222 1001 260 sni-ibat:
1050 220 1284 273 “μα’ντεινμα
1318 252 1356 259 ..
1382 252 1389 260 .
1414 252 1422 259 .
1484 222 1546 261 Sic
1576 227 1705 260 autem

298 289 486 341 scriptum
520 290 720 328 videbatur
751 290 790 328 in
814 291 943 329 codice
965 291 1096 329 veteri.
1144 291 1285 329 Verum
1315 290 1347 328 si
1369 290 1528 342 propius
1551 290 1704 336 tuearis,

296 366 332 397 et
364 359 577 410 perpendas
598 358 794 398 literarum
820 360 1071 404 characteres,
1105 359 1233 410 potius
1256 359 1460 409 legendum
1484 358 1568 404 erit,
1601 359 1705 409 quod

297 439 373 465 non
422 428 543 466 multo
589 435 677 467 ante
709 428 900 479 reperitur
931 428 1020 466 solio
1056 428 1144 466 162.
1165 428 1203 466 C.
1238 428 1275 476 (i.
1301 441 1331 466 e.
1358 427 1405 465 tx
1432 427 1493 474 18,
1517 427 1558 473 3)
1597 424 1707 466 ἀλλὰ

299 494 454 542 natam,
507 510 573 536 seu
607 504 649 535 ut
681 497 822 534 rectius
856 496 1019 534 babebat
1050 493 1161 535 ἀλλὰ
1190 494 1399 535 τελοῦσα’.
1460 495 1707 544 λαλαγεῦσα

299 564 452 602 Rosium
487 572 587 604 recte
619 565 827 603 coniecisse
850 565 1066 603 lmaackius
1099 566 1136 604 in
1161 565 1344 604 Zeitsclu·.
1378 566 1463 604 fuer
1494 566 1562 604 das
1585 566 1626 604 G.
1648 565 1704 604 W.

301 633 404 672 1886
437 646 472 685 p.
503 633 579 673 381
616 633 906 672 demonstravit.

406 702 588 741 Absoluta
622 709 700 741 tota
729 702 955 753 quaestione
978 702 1023 740 de
1047 704 1073 741 C
1095 709 1128 740 et
1154 715 1173 740 c
1196 714 1389 741 summam
1414 702 1703 741 subducendam

294 784 378 808 esse
409 770 694 811 existimamus:
744 771 835 808 baec
882 770 999 820 igitur
1041 784 1085 808 ex
1131 770 1312 809 omnibus
1359 771 1404 808 iis
1447 784 1544 821 quae
1590 783 1705 822 supra

295 839 577 889 disputavimus
611 840 708 877 et'tici
743 845 943 889 putamus:
991 842 1028 888 a)
1061 839 1270 877 Cratander
1301 839 1567 890 compluribus
1599 840 1705 878 codi-

293 907 401 945 cibus
448 920 542 945 usus
588 914 663 951 est,
710 920 755 945 ex
792 908 933 958 quibus
974 908 1114 946 multas
1151 908 1336 947 lectiones
1369 909 1428 955 (C)
1460 908 1499 946 in
1535 909 1705 960 margine

293 977 482 1026 apposuit.
546 976 584 1024 b)
624 976 865 1027 Ubicumque
907 977 1000 1015 istae
1042 977 1225 1015 lectiones
1263 977 1289 1015 C
1332 989 1420 1014 cum
1454 976 1498 1015 A¹
1539 990 1705 1016 consen-

294 1044 406 1085 tiunt.
451 1045 522 1082 etsi
554 1046 764 1083 Cratander
798 1058 882 1083 raro
916 1047 960 1083 Α1
993 1045 1208 1096 inspexisse
1239 1046 1402 1087 videtur,
1441 1052 1568 1084 tamen
1601 1047 1703 1097 quod

294 1112 490 1151 nescimus
522 1126 598 1162 quo
632 1114 713 1151 loco
747 1112 804 1159 Al,
838 1127 914 1164 quo
947 1114 1029 1152 loco
1061 1114 1210 1152 codices
1243 1114 1464 1165 inspexerit,
1497 1115 1546 1154 ita
1579 1115 1606 1153 C
1637 1115 1705 1153 ad-

292 1181 470 1219 terendae
502 1188 605 1223 sunt,
650 1189 687 1219 ut
721 1180 764 1219 A¹
802 1195 878 1220 non
913 1183 1146 1233 neglegatur.
1209 1183 1245 1232 c)
1277 1183 1498 1229 Cratander,
1537 1184 1609 1223 etsi
1641 1197 1703 1223 eas

293 1250 472 1288 lectiones
520 1263 615 1300 quas
662 1251 698 1287 in
743 1251 938 1289 codicilms
972 1251 1113 1289 invenit
1147 1252 1184 1289 in
1221 1252 1390 1302 margine
1422 1265 1564 1303 ponere
1596 1253 1702 1298 solet,

293 1326 417 1356 tamen
450 1330 527 1357 non
561 1332 774 1369 numquam
809 1320 857 1357 ita
890 1332 970 1358 rem
1005 1321 1092 1370 egit.
1141 1328 1183 1358 ut
1228 1333 1364 1358 novam
1412 1320 1615 1360 lectionem
1664 1322 1701 1359 in

293 1394 438 1426 textum
473 1387 680 1439 reciperet..
727 1395 895 1427 veterem
931 1402 949 1427 e
982 1395 1086 1427 textu
1121 1389 1260 1427 eiceret
1291 1395 1405 1439 atque
1438 1389 1603 1440 margini
1634 1391 1702 1428 tri-

291 1456 435 1495 bueret.
483 1457 522 1507 d)
547 1456 756 1496 Cratander
787 1470 863 1496 non
899 1457 1011 1496 modo
1034 1458 1218 1497 lectiones
1240 1471 1285 1496 ex
1308 1458 1504 1497 codicibus
1527 1465 1702 1510 sumptas

290 1526 325 1563 in
361 1525 531 1576 margine
562 1526 710 1577 posuit,
743 1528 807 1565 sed
841 1526 954 1565 etiam
989 1527 1090 1565 haud
1124 1540 1265 1578 paucas
1297 1527 1450 1566 silentio
1480 1528 1519 1567 111
1552 1535 1700 1567 textum

288 1594 443 1645 recepit.
504 1599 539 1635 el
579 1594 789 1634 Cratander
833 1596 868 1633 in
918 1602 1021 1634 textu
1068 1596 1340 1635 constituendo
1387 1609 1474 1635 raro
1519 1597 1701 1644 coniecit3

289 1662 478 1713 plerisque
510 1663 613 1707 locis,
648 1677 744 1714 quos
778 1670 913 1704 mutat,
955 1665 1160 1703 verborum
1195 1665 1482 1704 collocationem
1516 1678 1561 1704 ex
1593 1666 1700 1704 codi—

287 1731 395 1770 cibus
417 1732 594 1779 correxit,
625 1732 817 1782 graviores
840 1746 1003 1778 errores,
1033 1746 1130 1783 quos
1153 1734 1369 1785 perspicere
1393 1733 1544 1773 subtilis
1566 1733 1699 1773 iudicii

286 1807 378 1846 erat,
412 1813 459 1838 ne
491 1814 535 1838 ex
567 1801 765 1839 codicibus
797 1802 951 1852 quidem
987 1802 1084 1840 solet
1114 1802 1305 1852 corrigere
1336 1802 1411 1840 nisi
1442 1802 1480 1840 111
1515 1803 1697 1854 margine.

286 1869 320 1918 t')
352 1869 562 1907 Cratander
608 1882 684 1907 non
732 1883 944 1921 numquam
987 1883 1139 1909 errores
1181 1871 1476 1922 typographicos
1512 1871 1551 1910 in
1590 1878 1697 1911 textu

285 1937 514 1975 commissos
560 1938 597 1975 in
646 1939 816 1989 margine
856 1940 1025 1989 corrigit.
1087 1939 1126 1990 g)
1158 1939 1399 1990 Ubicumque
1441 1953 1461 1978 c
1502 1952 1590 1979 cum
1623 1939 1696 1979 Α12

285 2006 490 2050 consentit,
523 2018 600 2043 non
633 2007 812 2053 eflicitur,
844 2007 882 2045 in
907 2007 1108 2046 Cratandri
1136 2008 1334 2046 codicibus
1355 2008 1406 2047 ita
1430 2008 1562 2053 fuisse,
1594 2009 1695 2060 quod

286 2086 369 2112 raro
402 2074 655 2112 Cratandruln
702 2075 852 2114 codices
893 2076 1108 2127 inspexisse
1148 2084 1318 2128 apparet.
1380 2078 1421 2127 11)
1453 2077 1695 2130 Ubicumque

284 2144 310 2181 C
343 2143 389 2180 ab
424 2142 468 2180 A²
499 2143 689 2188 dissentit,
736 2156 824 2181 cum
859 2142 903 2181 Α1
937 2145 1142 2190 consentit,
1188 2145 1389 2184 diiudicari
1437 2158 1514 2184 non
1555 2153 1696 2198 potest,

286 2218 415 2250 utrum
456 2211 482 2249 C
530 2224 572 2250 ex
620 2211 815 2250 codicibus
855 2213 1026 2263 profecta
1067 2213 1115 2252 sit
1153 2226 1202 2252 an
1240 2227 1285 2252 ex
1324 2213 1382 2252 Al.
1453 2214 1480 2260 i)
1523 2226 1559 2260 c,
1606 2214 1629 2252 i.
1662 2227 1693 2253 e.

285 2280 466 2318 lectiones
511 2293 530 2318 a
563 2280 775 2319 Cratandro
821 2281 858 2319 in
899 2287 1004 2320 textu
1043 2288 1214 2329 novatae,
1261 2282 1405 2321 codicis
1436 2282 1559 2322 instar
1589 2289 1693 2330 sunt⁷

284 2347 521 2399 ubicumque
548 2361 635 2386 cum
661 2348 707 2387 iis
730 2348 929 2387 codicibus
952 2350 1014 2399 qui
1037 2362 1142 2389 nunc
1164 2357 1317 2390 exstant,
1338 2358 1405 2390 aut
1425 2363 1512 2390 cnm
1537 2351 1575 2397 Z,
1604 2365 1637 2390 v.
1660 2364 1692 2390 c.

281 2417 547 2464 consentiunt;
593 2416 829 2468 ubicumque
861 2430 880 2455 c
911 2430 1037 2468 neque
1069 2418 1107 2456 in
1140 2419 1199 2465 iis,
1242 2419 1383 2470 quibus
1423 2431 1494 2458 nos
1531 2419 1691 2467 utimur,

281 2485 477 2524 codicibus
509 2491 567 2524 est
598 2498 723 2536 neque
756 2486 793 2524 in
817 2485 855 2532 Z,
889 2499 919 2524 V.
945 2499 976 2524 e.
1008 2486 1159 2526 videtur
1189 2487 1319 2535 fuisse,
1352 2500 1473 2527 unum
1505 2487 1691 2527 iudicium

282 2554 419 2593 valeto:
469 2554 500 2592 si
540 2567 559 2592 c
598 2567 725 2593 veram
768 2560 882 2605 atque
923 2556 1179 2595 necessariam
1212 2556 1414 2595 lectionem
1453 2569 1537 2595 esse
1573 2569 1691 2608 appa-

281 2622 389 2664 rebit,
437 2623 474 2661 in
518 2630 663 2661 textum
704 2623 926 2675 recipiatur3
975 2625 1004 2661 si
1048 2625 1081 2663 id
1115 2624 1256 2663 iudicio
1288 2637 1364 2663 non
1398 2625 1598 2672 efficietur,
1643 2637 1692 2664 ne
