1821 3077
807 133 1218 174 *60*

309 252 388 291 suis
420 251 629 292 codicibus.
663 251 790 291 minor
820 252 903 291 istis
932 251 1161 291 lectionibus
1194 251 1286 290 fides
1318 251 1490 289 habenda
1522 256 1592 297 est,
1624 263 1712 289 cum

310 328 385 359 tam
408 320 623 372 impudenti
645 322 865 360 coniectura
889 320 1079 371 inquinati
1102 320 1263 366 fuerint,
1296 319 1353 358 sin
1374 320 1489 358 Pudet
1506 319 1716 358 Cratander

308 402 353 427 ex
385 402 455 428 suo
487 389 692 428 alteriusve
725 389 879 441 ingenio
910 388 1067 435 addidit,
1099 395 1136 427 et
1166 388 1352 427 editorem
1392 387 1623 427 coniecturis
1655 387 1715 426 in-

309 457 472 497 dulsisse
503 471 627 509 neque
660 458 840 497 omnibus
863 457 955 496 locis
977 463 1106 497 utrum
1137 457 1164 495 C
1195 470 1240 495 ex
1272 456 1468 495 codicibus
1499 469 1545 495 an
1579 469 1624 494 ex
1655 456 1715 494 in-

307 527 419 577 genio
450 526 610 565 alicuius
643 527 743 565 docti
774 527 842 565 viri
875 527 1142 578 proficiscatur
1168 525 1378 564 internosci
1401 538 1514 577 posse
1545 532 1714 576 apparet.

310 597 353 633 At
388 595 483 642 vide,
515 608 629 646 quam
654 595 764 634 aliter
796 608 855 634 res
888 608 970 634 sese
1003 595 1150 633 babeat.
1207 595 1222 633 I
1253 594 1354 633 enim
1380 594 1418 633 P.
1451 601 1556 634 tanta
1589 593 1714 640 habet,

307 664 353 702 Α1
389 677 478 702 vero
510 671 553 702 ut
584 664 737 715 saepius
769 665 989 703 coniectura
1027 664 1154 703 locum
1194 664 1398 702 restituere
1435 669 1569 701 conata
1601 662 1717 701 Pudet

306 740 411 771 tanta
455 732 492 771 iu
541 738 646 771 textu
692 733 840 784 posuit,
886 733 933 771 Α2
980 732 1025 771 ad
1064 733 1264 784 pristinam
1303 732 1505 771 lectionem
1539 730 1579 769 P.
1612 737 1717 770 tanta

306 800 430 844 rediit,
478 801 542 840 sed
577 801 691 841 Pudet
736 801 773 840 iu
824 801 993 852 margine
1035 801 1176 853 posuit,
1223 801 1429 840 Cratander
1472 800 1636 851 denique
1667 799 1714 838 A²

306 870 507 921 expressit,
539 869 563 908 i.
587 882 619 908 e.
653 877 691 909 et
712 869 752 908 P.
785 878 891 909 tanta
923 870 960 908 iu
993 876 1097 908 textu
1132 869 1245 909 habet
1275 876 1312 909 et
1334 869 1451 909 Pudet
1482 868 1518 907 in
1545 869 1715 919 margine

306 938 487 977 servavit:
523 939 650 990 itaque
682 939 709 978 C
741 939 846 978 omni
881 940 949 978 ista
983 938 1204 991 suspicione
1235 938 1429 977 liberanda
1470 943 1623 988 totaque
1654 949 1715 975 res

306 1007 351 1045 Al
387 1007 589 1046 tribuenda
621 1014 691 1046 est.

417 1076 523 1122 Quae
553 1089 614 1115 res
646 1088 733 1115 cum
767 1076 816 1114 ita
850 1075 911 1122 sit,
945 1082 1045 1115 recte
1079 1076 1172 1115 mihi
1204 1076 1345 1115 dixisse
1372 1075 1516 1123 videor,
1549 1075 1714 1115 maxima

307 1157 403 1195 opus
435 1157 519 1183 esse
553 1145 730 1184 cautione
761 1145 799 1183 in
823 1146 848 1182 C
880 1144 1108 1184 adhibendis
1140 1158 1186 1184 ne
1209 1145 1302 1197 quid
1333 1158 1403 1184 nos
1434 1145 1554 1184 fallat:
1587 1145 1716 1196 itaque

304 1225 392 1251 cum
440 1220 478 1252 et
517 1214 590 1252 Α12
633 1226 710 1252 non
758 1225 971 1264 numquam
1020 1214 1059 1252 in
1107 1214 1276 1265 margine
1322 1214 1505 1253 lectiones
1551 1213 1717 1252 habeant

305 1282 499 1334 appositas
544 1294 711 1333 cumque
743 1282 951 1321 Cratander
982 1282 1030 1320 Α2
1070 1283 1305 1335 expressisse
1345 1289 1383 1322 et
1413 1283 1459 1321 A1
1503 1282 1715 1334 inspexisse

306 1363 381 1389 uon
423 1350 537 1390 nullis
570 1351 662 1390 locis
695 1350 880 1396 videatur,
927 1351 1108 1390 omnibus
1140 1352 1233 1391 locis
1264 1352 1471 1391 videndum
1503 1358 1572 1398 est,
1619 1364 1713 1390 num

305 1418 331 1457 C
362 1432 407 1457 ex
439 1420 483 1458 A¹
518 1426 555 1458 et
587 1419 633 1458 Α2
674 1421 844 1471 profecta
887 1419 954 1467 sit3
993 1420 1044 1459 XI
1070 1422 1131 1468 17,
1158 1422 1175 1459 1
1211 1421 1364 1472 quidem
1398 1427 1465 1460 aut
1496 1422 1523 1460 C
1554 1419 1713 1459 omnino

303 1487 536 1539 neglegenda
568 1495 627 1527 est
657 1494 724 1527 aut
755 1488 929 1538 ⁴A2mg0‚
951 1488 990 1527 C'
1021 1490 1242 1541 ponendum
1276 1497 1346 1529 est.

417 1557 603 1596 Accurate
669 1556 783 1596 etiam
855 1557 1061 1595 videndum
1129 1564 1204 1605 est,
1273 1571 1367 1597 num
1429 1558 1456 1597 C
1515 1570 1602 1597 cum
1665 1558 1710 1596 Α’-

302 1625 539 1673 consentiat,
589 1626 619 1664 si
665 1625 874 1671 consentit,
921 1638 998 1665 non
1046 1626 1090 1672 C,
1137 1626 1202 1665 sed
1249 1626 1333 1665 A1C
1379 1626 1601 1678 ponendum
1643 1634 1714 1673 est,

302 1694 404 1745 quod
437 1693 654 1733 rationibus
685 1694 784 1733 effici
827 1694 1104 1746 diiudicarique
1146 1708 1222 1734 non
1262 1702 1409 1748 potest,
1458 1701 1586 1734 utrum
1620 1696 1707 1735 Cra-

303 1762 438 1801 tander
482 1775 566 1801 eam
614 1763 819 1802 lectionem
859 1764 886 1802 C
924 1776 968 1802 ex
1007 1762 1204 1802 codicibus
1250 1776 1298 1802 an
1343 1777 1388 1802 ex
1433 1765 1478 1803 A¹
1527 1764 1710 1804 hauserit.

300 1832 545 1882 Quamquam
578 1843 647 1871 nos
679 1831 892 1878 credimus,
925 1830 1119 1869 rarissime
1151 1829 1178 1867 C
1215 1842 1259 1868 ex
1290 1830 1336 1869 Α1
1372 1834 1581 1883 profectam
1614 1845 1710 1879 esse,

301 1899 402 1950 quod
436 1899 629 1951 plerisque
660 1900 774 1945 locis,
821 1899 962 1950 quibus
994 1900 1020 1937 C
1051 1910 1139 1937 cum
1173 1898 1219 1936 Α1
1252 1900 1462 1947 consentit,
1494 1901 1540 1939 Al
1565 1902 1592 1940 C
1624 1914 1709 1940 vera

300 1967 413 2006 lectio
443 1974 509 2006 aut
541 1966 736 2006 codicibus
768 1967 925 2018 probata
958 1972 1033 2005 est:
1071 1965 1173 2017 quod
1212 1964 1243 2004 si
1275 1966 1301 2004 C
1333 1966 1508 2017 pluribus
1540 1966 1634 2005 locis
1665 1979 1708 2005 ex

300 2036 347 2074 A1
392 2036 526 2075 hausta
573 2040 691 2082 esset,
738 2035 890 2087 saepius
934 2034 1152 2080 accidisset,
1200 2039 1242 2072 ut
1272 2034 1299 2072 C
1330 2047 1419 2073 cum
1452 2034 1496 2073 A¹
1531 2048 1708 2087 perversa

300 2104 463 2144 lectione
501 2103 749 2143 consentiret.
810 2104 824 2142 Ι
857 2103 1022 2154 denique
1053 2102 1264 2142 Cratandro
1295 2110 1449 2154 praesto
1481 2103 1599 2143 fuisse
1630 2116 1707 2143 nou

300 2172 513 2220 credimus;
559 2185 683 2224 neque
728 2172 830 2211 enim
878 2172 1006 2211 locum
1053 2184 1137 2211 esse
1183 2176 1379 2223 putamus,
1428 2172 1529 2212 unde
1561 2173 1588 2211 C
1619 2172 1709 2211 exi

304 2247 427 2280 ortam
461 2254 545 2280 esse
576 2247 768 2293 appareat.

416 2306 481 2346 His
502 2307 620 2358 igitur
650 2306 742 2346 locis
765 2307 791 2346 C
825 2306 986 2346 minoris
1017 2309 1255 2348 aestimanda
1278 2315 1347 2356 est,
1380 2309 1484 2360 quod
1513 2309 1706 2348 incertum

301 2382 360 2414 est
390 2382 521 2414 utrum
551 2375 759 2414 Cratander
781 2376 807 2414 C
838 2387 884 2413 ex
915 2375 995 2414 suis
1027 2376 1222 2416 codicibus
1260 2389 1307 2416 an
1339 2389 1385 2416 ex
1414 2377 1486 2415 Α12
1519 2377 1705 2416 hauserit:

414 2444 426 2482 Ι
454 2445 487 2491 1,
515 2445 533 2482 1
566 2447 619 2483 ita
641 2443 819 2495 quiddam
839 2455 944 2495 spero
967 2443 996 2489 I,
1018 2445 1077 2491 A¹‚
1100 2443 1191 2494 C*):
1223 2448 1276 2485 ita
1297 2445 1444 2498 quidem
1463 2457 1570 2497 spero
1592 2446 1652 2493 ΑΞ,
1675 2458 1706 2485 c.

391 2612 422 2652 *)
447 2612 518 2655 ipsa
544 2623 599 2644 res
624 2611 717 2654 facit,
743 2617 780 2644 ut
807 2612 898 2654 plura
928 2613 1030 2644 verba
1056 2612 1222 2653 adferam,
1254 2624 1348 2656 quam
1375 2623 1410 2645 re
1442 2624 1521 2646 vera
1547 2614 1579 2646 iu
1607 2613 1630 2645 C
1655 2614 1706 2646 in-

301 2666 503 2708 veniuntur3
529 2667 615 2709 quod
640 2666 705 2698 nisi
731 2664 886 2707 facerem,
914 2667 979 2700 loci
1006 2678 1022 2699 a
1051 2679 1100 2700 me
1126 2668 1224 2700 allati
1251 2678 1314 2699 non
1334 2666 1435 2700 facile
1462 2669 1705 2711 reperirentur.
