1821 3077
754 120 1194 160 —118—-

268 246 377 278 notat
408 238 585 276 ‘Turnes.
617 250 699 289 pro,
741 238 906 283 biduum.v
950 237 1063 275 habet
1096 237 1237 275 usitato
1268 236 1421 275 illorum
1458 243 1677 287 temporum

270 308 373 353 vitio,
416 308 581 346 viduum.
624 319 657 353 v,
700 319 768 358 pro
810 306 841 345 b.
875 305 1203 356 quemadmodum
1234 317 1336 351 vene,
1377 317 1459 356 pro.r
1501 305 1600 350 bene,
1642 310 1681 342 et

269 384 415 423 contra,
446 376 640 421 iubentuti,
673 387 741 427 pro
772 377 959 414 iuventuti
989 404 996 412 .
1020 405 1027 412 .
1052 373 1100 421 ,⁷3
1129 373 1216 412 XIII
1238 372 1303 420 22,
1328 373 1351 411 2
1384 385 1560 412 acervam
1591 385 1624 411 v,
1648 385 1680 410 c.

269 446 356 497 (pro
388 443 595 493 acerbam).

736 783 1083 837 CAPUT
1135 782 1232 834 VI.

275 1017 377 1064 QUO
426 1017 566 1057 MODO
608 1017 839 1057 VETERUM
886 1017 1281 1057 PHILOLOGORUM
1326 1016 1389 1055 Ex
1427 1016 1687 1056 CODICIBUS

332 1092 470 1132 MANU
513 1092 736 1132 SCRIPTIS
777 1092 1215 1132 ADNOTATIOMBUS
1258 1090 1494 1130 UTENDUM
1542 1091 1632 1130 SIT.

387 1197 511 1244 Quam
551 1203 661 1236 caute
692 1197 738 1236 iis
771 1199 960 1236 utendum
993 1199 1054 1245 sit,
1101 1210 1199 1248 quae
1237 1202 1384 1234 veteres
1422 1195 1606 1246 philologi
1643 1195 1688 1233 de

276 1265 473 1304 codicibus
520 1265 776 1311 tradiderunt,
823 1266 916 1305 satis
947 1274 1086 1305 notum
1119 1274 1190 1304 est.
1252 1265 1385 1304 Solent
1417 1264 1519 1302 enim
1551 1275 1690 1314 quem-

275 1347 444 1386 cumque
484 1333 656 1373 codicem
698 1333 882 1374 adhibent
922 1335 1078 1374 laudare
1115 1333 1197 1372 eius
1229 1331 1412 1370 lectiones
1446 1332 1689 1382 maximeque

274 1403 314 1442 in
353 1415 396 1442 eo
434 1408 606 1455 peccant,
654 1402 757 1453 quod
803 1415 917 1442 suum
957 1403 1120 1454 quisque
1161 1402 1332 1441 codicem
1371 1400 1687 1451 antiquissimum

275 1478 403 1524 putatz,
447 1471 565 1510 iidem
597 1470 720 1510 exiis
752 1471 961 1519 codicibus,
1001 1485 1099 1523 quos
1143 1470 1301 1523 plurimi
1343 1469 1500 1515 faciunt⁷
1549 1469 1690 1507 multas

274 1540 461 1580 lectiones
493 1546 569 1578 tam
603 1539 796 1590 ambiguis
827 1546 941 1591 atque
972 1540 1129 1579 incertis
1162 1539 1286 1578 verbis
1309 1538 1500 1584 adferunt⁷
1532 1544 1575 1575 ut
1601 1537 1691 1576 inde

278 1616 380 1649 certa
412 1607 635 1647 coniectura
666 1608 766 1646 effici
797 1620 875 1647 non
907 1609 1043 1660 possit.

394 1676 439 1715 L1
462 1676 508 1715 ad
530 1676 578 1714 lv
602 1676 666 1723 19,
692 1677 711 1714 1
737 1676 796 1715 ed.
820 1676 958 1716 Baiter.
983 1677 1114 1716 Aurati
1143 1676 1405 1716 coniecturam
1427 1671 1691 1727 γεράνδρυον

279 1747 403 1785 adfert
447 1752 562 1796 atque
606 1744 730 1784 addit:
778 1745 945 1784 ‘adiuvat
986 1750 1114 1784 autem
1149 1745 1281 1784 Aurati
1312 1743 1575 1783 coniecturam
1607 1743 1689 1782 cod.

281 1813 577 1860 Turnesianus'3
610 1814 699 1864 quid
729 1813 769 1852 in
793 1813 818 1852 Z
840 1813 970 1860 fuerit,
1002 1826 1080 1852 non
1107 1814 1213 1853 addit
1242 1825 1369 1864 neque
1401 1824 1472 1851 nos
1503 1811 1692 1850 sciremus

281 1891 396 1935 atque
429 1889 655 1934 portentum
687 1882 880 1932 quoddam
912 1882 1088 1921 lectionis
1120 1883 1158 1920 in
1182 1882 1207 1920 Z
1238 1881 1358 1921 fuisse
1390 1880 1691 1932 suspicaremur,

282 1952 358 1991 nisi
379 1951 517 1990 Bosius
539 1950 744 1990 lectionem
767 1963 813 1989 ex
836 1950 861 1988 Z
884 1951 1089 1990 attulisset.
1107 1975 1161 1978 —
1184 1950 1230 1989 L1
1253 1950 1298 1989 ad
1322 1950 1354 1988 X
1378 1949 1474 1996 121³,
1498 1948 1520 1987 3
1546 1949 1628 1996 (12,
1652 1949 1692 1992 7)

283 2021 442 2059 adnotat
487 2015 612 2072 Βἦθος
658 2015 916 2072 &zetunii-nov]
963 2027 1120 2058 secutus
1152 2031 1238 2058 sun]
1271 2019 1450 2069 antiquae
1481 2017 1696 2069 scripturae

284 2088 453 2139 vestigia‚
485 2094 524 2126 et
545 2087 701 2126 Corradi
723 2087 1010 2126 coniecturam'.
1043 2087 1088 2125 L²
1113 2087 1255 2126 conicit
1277 2084 1526 2139 ἀκίβδηλον,
1558 2085 1695 2124 Bosius

281 2158 405 2209 ipsam
450 2156 655 2195 lectionem
697 2168 743 2194 ex
784 2155 810 2194 Z
851 2155 1015 2195 servavit
1060 2158 1194 2195 ΑΚ]
1237 2155 1601 2199 ΑΛΛΟΛΟΝς
1647 2154 1694 2192 cf.

285 2238 401 2277 supra
422 2238 459 2277 p.
480 2225 572 2263 111.
594 2247 648 2250 —
669 2223 752 2262 XVI
776 2225 811 2271 1,
837 2225 856 2262 1
890 2224 936 2262 L¹
970 2223 1127 2263 adnotat
1159 2225 1347 2275 ιθεῖομεν
1369 2222 1560 2262 edendum
1583 2234 1695 2260 cura-

285 2296 412 2333 vimus
551 2292 634 2331 cod.
667 2292 953 2330 'furnesianum
997 2292 1143 2340 secutI’,
1186 2292 1289 2331 idem
1335 2292 1374 2330 in
1419 2290 1521 2329 calce
1567 2291 1695 2328 tom.I

285 2363 408 2401 addit:
456 2361 575 2400 ‘Licet
620 2360 734 2400 etiam
781 2373 827 2399 ex
872 2360 1051 2411 antiquae
1097 2360 1310 2412 scripturae
1356 2359 1526 2410 vestigiis
1571 2359 1696 2409 legere

286 2429 456 2482 ἐῶμεν’;
488 2428 534 2467 L‘-'
568 2429 683 2468 habet
714 2429 912 2480 ιθέωμεν]
945 2428 1000 2467 sic
1031 2428 1222 2467 edendum
1254 2428 1475 2467 curavimus
1508 2457 1516 2465 .
1540 2457 1547 2465 .
1572 2458 1580 2466 .
1612 2427 1695 2466 cod.

286 2499 572 2537 Turnesianum
621 2498 754 2536 secuti.
802 2509 1036 2548 quamquam
1079 2510 1124 2535 ex
1164 2497 1299 2536 eodem
1335 2496 1424 2534 licet
1453 2496 1590 2546 legere,
1637 2494 1696 2535 e'z'

287 2566 437 2617 ἐῶμεν,
455 2566 545 2613 sive,
563 2564 724 2618 ἐῶμεν’,
741 2565 880 2604 Bosius
894 2568 931 2604 E
938 2567 1013 2604 TE
1019 2567 1056 2604 „Q
1069 2568 1124 2605 M
1128 2569 1166 2605 E
1173 2568 1216 2604 N
1233 2572 1380 2604 veteres
1397 2564 1505 2603 codd.
1516 2563 1698 2603 habuisse

287 2635 464 2673 adfirmat
495 2647 620 2685 neque
642 2646 730 2672 vero
753 2634 778 2672 Z
801 2634 987 2681 nominat,
1019 2634 1226 2672 Turnebus
1248 2633 1412 2684 denique
1435 2631 1556 2671 XXIII
1578 2632 1631 2671 29
1652 2645 1698 2671 ex
