1821 3077
740 159 1181 199 —142—

253 290 331 317 non
363 276 649 328 intellegebant,
682 289 765 316 eam
797 276 1003 316 lectionem
1033 276 1236 328 recepisse,
1267 289 1363 327 quae
1387 275 1507 314 nihilo
1530 275 1668 314 melior

254 343 364 386 erat?
411 369 464 372 —
511 345 575 384 Vll
604 344 640 392 8,
669 346 712 383 4:
759 347 827 384 etsi
868 344 961 384 mihi
1012 342 1133 390 ξυνὸς
1165 341 1386 391 Ἐνυάλιος
1439 344 1667 384 occurrebat.

256 412 380 461 ξυνὸς
410 412 608 460 ἐνυάλιος
640 414 684 453 C:
739 408 874 459 ὕπνος
912 409 1099 465 νήδυμος
1131 413 1185 452 M2
1217 413 1256 452 in
1288 413 1473 464 margine.
1526 413 1579 451 ‘ln
1614 411 1666 450 Μ1

254 482 402 534 primae
424 483 521 521 duae
542 482 693 522 litterae
715 481 882 520 discerni
903 487 1117 532 nequeunt,
1150 482 1215 520 sed
1243 482 1407 520 alterum
1439 480 1666 519 vocabulum

255 550 570 590 ENYANOC
598 552 711 601 (ΔΝ
735 563 804 602 pro
842 553 935 589 ΑΛ
948 550 987 600 I)
1020 550 1064 588 de
1095 550 1255 590 veritate
1288 556 1466 602 receptae
1492 548 1669 588 lectionis

256 618 432 658 dubitare
463 632 542 658 non
575 619 677 658 sinit'
701 619 876 658 Baiterus
908 618 1086 667 adnotat3
1118 618 1150 657 R
1182 617 1668 665 ZYNOCENYANOC,

256 687 284 726 P
311 685 614 739 §INOCENGQ
625 686 804 727 YAIOC.
828 709 877 714 —
903 686 968 725 Vll
991 686 1027 734 8,
1051 688 1093 726 5:
1124 694 1176 726 est
1197 691 1294 726 enim
1318 684 1520 739 ἄμορφον
1551 682 1670 726 ‹ivn-

256 755 599 809 πολιτευομένου
638 754 954 808 χρεω([ειλ.έιην
992 769 1080 795 esse.
1149 755 1175 795 C
1213 752 1667 807 ἆντιπολιῑευομένου,

256 824 292 862 Μ
342 823 1092 870 ΛΗΤΠΟΛΕΥΤΕΤΟΠΙΕᾸΟΥ,
1141 823 1173 863 R
1225 824 1671 864 ANTIIIOAEITE—

262 892 560 936 ΤΟΩΕΗΟῩ,
606 892 634 931 Ρ
671 893 1409 933 ΑΝΤῙΠΟΛΕΙΤΕΤΟΩΕΝΟῩ.
1457 915 1510 918 -
1551 891 1668 930 Plane

256 963 385 1002 iocosa
416 968 476 1001 est
506 961 648 1001 solutio
680 960 762 1000 eius
793 961 1035 1012 aenigmatis,
1073 962 1175 1013 quod
1207 967 1267 1000 est
1296 960 1349 1000 IX
1370 961 1408 1008 4,
1430 959 1474 1008 23
1516 960 1562 999 (le
1593 972 1670 1011 quo

257 1031 340 1070 loco
372 1043 461 1070 cum
485 1043 557 1070 nos
579 1037 617 1069 et
648 1029 712 1069 diu
734 1036 772 1069 et
793 1030 938 1069 frustra
959 1030 1277 1081 quaesiverimus,
1310 1042 1355 1068 ex
1377 1042 1397 1068 c
1420 1035 1459 1068 et
1475 1029 1672 1068 codicibus

262 1098 539 1146 intelleximus,
572 1105 609 1138 et
640 1111 754 1150 quam
789 1098 908 1138 facilis
940 1099 990 1138 sit
1020 1111 1129 1138 error
1158 1106 1197 1138 et
1227 1104 1372 1150 quanto
1403 1110 1518 1150 opere
1549 1110 1620 1137 nos
1651 1109 1670 1136 a

259 1180 348 1207 vera
378 1168 544 1207 lectione
575 1167 854 1207 aberrarimus:

372 1236 422 1275 lX
444 1237 481 1283 4,
504 1235 529 1273 2
553 1236 588 1275 Μ
620 1235 734 1275 habet
766 1236 805 1275 εἴ
835 1238 1036 1288 μενετέον
1067 1235 1112 1275 ἐν
1142 1236 1191 1293 τῇ
1223 1234 1406 1288 πατρίδι
1439 1248 1671 1287 τυραννου-

259 1305 388 1358 μένης
433 1302 476 1343 δ’
524 1301 652 1360 αὖτῇς
698 1304 737 1343 εἰ
783 1304 911 1344 πανιὶ
958 1302 1103 1357 τρόπῳ
1144 1303 1396 1356 τυραννίδος
1433 1300 1674 1342 κατάλυσιν

259 1386 460 1425 πρατεον,
507 1370 586 1412 κᾶν
622 1369 752 1425 μέλλῃ
794 1371 871 1412 διὰ
907 1374 1031 1412 τοῦῑο
1073 1371 1174 1424 περὶ
1212 1372 1295 1412 τῶν
1331 1368 1445 1411 ὅλων
1482 1367 1505 1423 ἦ
1543 1368 1673 1417 πόλις

258 1439 566 1480 κινδυνεύσειν.
626 1440 744 1480 Recte
777 1440 832 1478 vir
865 1440 1020 1491 quidam
1055 1441 1202 1488 doctus,
1249 1441 1456 1487 Manutius,
1490 1446 1533 1478 ut
1563 1446 1669 1491 puto,

259 1516 326 1549 aut
358 1509 564 1557 Victorius,
607 1507 789 1560 πατρίδι
830 1511 1169 1562 τυραννουμένης
1209 1508 1249 1548 δ’
1293 1505 1421 1561 αὐτῆς
1458 1520 1536 1546 non
1568 1513 1671 1546 recte

260 1590 300 1617 se
326 1577 467 1616 habere
492 1577 698 1624 intellexit3
730 1578 831 1616 idem
855 1590 943 1617 cum
977 1578 1073 1617 nihil
1105 1590 1189 1617 esse
1220 1577 1452 1616 mutandum
1485 1575 1670 1623 crederet,

259 1646 471 1685 orationem
519 1646 624 1684 hiare
663 1646 811 1698 putavit
850 1653 965 1697 atque
1005 1647 1318 1699 τυραννουμένῃ
1360 1651 1449 1698 post
1488 1642 1670 1697 πατρίδι

260 1714 438 1754 inseruit.
485 1714 591 1761 Quae
613 1714 836 1755 coniectura
859 1721 901 1754 ut
932 1721 991 1754 est
1022 1714 1114 1754 satis
1146 1714 1266 1754 facilis
1297 1714 1348 1753 ita
1380 1713 1542 1753 minime
1567 1719 1672 1764 apta;

259 1783 404 1822 rectius
437 1790 539 1822 esset
571 1784 931 1837 τυραννησομένῃ,
964 1790 1006 1823 ut
1035 1796 1097 1822 res
1119 1783 1311 1822 contraria
1333 1781 1673 1834 τυραννουμένης

260 1850 306 1891 δ’
338 1848 468 1904 αὖτῆς
499 1852 627 1903 aptius
666 1852 863 1900 evaderet3
900 1864 1138 1904 quamquam
1170 1864 1218 1891 ne
1255 1851 1347 1890 illud
1387 1851 1542 1902 quidem
1583 1862 1672 1889 sen-

263 1919 404 1959 tentiae
450 1920 542 1960 satis
589 1921 696 1960 facit:
742 1933 831 1960 nam
877 1921 1053 1972 quisquis
1093 1921 1185 1960 istas
1225 1920 1319 1959 duas
1359 1918 1673 1971 quaestiunculas

263 1993 369 2027 ‘num
403 1989 441 2027 in
474 1989 595 2041 patria
628 1990 865 2028 manendum
898 1990 958 2037 sit,
991 2002 1078 2028 cum
1101 1989 1315 2040 periculum
1340 1989 1390 2028 sit
1415 2001 1463 2027 ne
1485 1994 1673 2039 tyrannus

263 2056 435 2096 exsistat’
467 2064 506 2096 et
536 2061 640 2096 ‘num
676 2058 847 2109 tyrannis
869 2058 1029 2097 delenda
1051 2057 1109 2097 sit'
1130 2058 1182 2096 ita
1205 2057 1416 2108 coniungit,
1449 2063 1492 2095 ut
1520 2054 1672 2095 ‘autem'

262 2125 468 2178 posteriori
506 2125 665 2173 inserat,
713 2127 786 2165 hoc
819 2127 932 2166 niodo
964 2127 1131 2166 scribere
1164 2127 1277 2166 debet
1307 2127 1398 2165 ‘sive
1429 2131 1558 2164 autem
1591 2136 1673 2162 ma—

263 2194 373 2233 nebis
418 2194 497 2233 sive
543 2207 621 2233 nou
669 2195 864 2234 manebis'.
927 2209 945 2235 c
984 2208 1072 2235 vero
1111 2203 1230 2235 totam
1263 2194 1542 2234 dubitationem
1575 2191 1674 2231 tollit

262 2263 392 2314 itaque
437 2263 531 2302 istas
577 2263 789 2302 sententias
837 2264 972 2304 scribit
1017 2264 1056 2304 εἰ
1093 2266 1289 2316 μενετέον
1325 2262 1371 2302 ἐν
1406 2263 1455 2318 τῇ
1492 2259 1672 2313 πατρίδι

262 2332 604 2384 τυραννουμένης
649 2330 732 2385 [δὲ]
782 2329 927 2385 cazh-fig,
974 2333 1014 2372 εἰ
1060 2332 1188 2372 παντὶ
1232 2330 1380 2385 τρόπῳ
1424 2327 1674 2383 ιυραννὶδος

263 2398 500 2439 mesonma)
547 2401 898 2452 πραγμαιευιέον
931 2416 1027 2449 ...3
1074 2414 1161 2440 nam
1208 2400 1392 2453 particula
1432 2397 1475 2438 δ’
1521 2397 1578 2436 vel
1626 2394 1674 2436 δὲ

265 2467 329 2518 (δὲ
360 2468 463 2507 enim
495 2468 640 2507 habent
670 2468 761 2519 ΑΗ)
793 2469 942 2508 sublata
981 2477 1085 2509 recte
1123 2469 1315 2509 sententia
1345 2467 1519 2520 procedit
1549 2478 1674 2516 neque

264 2537 461 2588 genetivus
501 2537 700 2576 absolutus
731 2550 752 2576 a
784 2538 925 2577 Graeca
957 2538 1130 2577 oratione
1161 2537 1308 2576 alienus
1340 2544 1411 2576 est.
1471 2532 1549 2585 R*)
1581 2535 1674 2573 haec

368 2684 546 2724 *)Ite1·u1n
585 2686 673 2726 dico,
714 2696 775 2716 nnn
810 2685 923 2717 nullae
962 2684 1112 2717 Graecae
1148 2686 1286 2717 litterae
1318 2686 1348 2716 iu
1374 2683 1470 2715 ERP
1502 2683 1577 2725 quid
1610 2682 1674 2714 sibi
