1821 3077
606 159 1051 201 -—-143———

120 278 237 318 habet
250 276 776 331 ΕΙΜΕῙΝΕΤΕΟΝΕΝ.
805 280 1294 318 ΤΗΝΠΛΤΡΙΑῘΤῩ
1311 281 1554 320 ΒΑΝΝΟΥ

123 346 566 387 MENHCAYTHC.
609 346 875 387 EINANTI
905 347 1114 387 ΤΡΟΠΩ
1146 378 1274 393 ....,
1307 347 1336 386 Ρ
1370 350 1541 388 ΕΙΜΕ-

122 418 461 456 ΝΕΤΕΟΝΕΝ
499 416 1216 457 ΤΗΗΠΑΤΡΙΛΤΥΡΑΝΗΟΥ
1250 416 1543 458 MENICAP-

125 484 226 525 TIC
263 483 487 534 EINAN}
515 485 577 523 TI
624 486 847 524 ΤΡΟΤΙΩ
880 515 919 523 ..
944 515 984 523 ..
1045 484 1217 537 Uterque
1262 485 1380 537 igitur
1425 486 1545 526 codex

121 567 209 594 cum
243 567 264 594 c
293 555 491 595 consentit
523 560 560 593 et
591 552 634 593 δ’
667 553 832 593 omittit:
880 554 967 606 quis
999 554 1142 602 credat,
1188 561 1256 594 aut
1286 554 1542 595 Cratandrum

121 622 344 662 coniectura
389 620 435 662 δὲ
477 622 601 661 eicere
639 628 677 662 et
722 636 813 662 casu
857 635 944 662 cum
984 623 1048 662 ΒΡ
1094 624 1315 663 consentire
1364 631 1431 664 aut
1467 624 1544 672 RP,

120 691 187 743 qui
209 692 255 731 ab
277 691 502 731 hominihus
517 692 755 731 Graecorum
773 692 1050 732 vocabulorum
1068 693 1261 745 imperitis
1284 693 1418 746 scripti
1440 700 1543 742 sunt,

121 759 148 800 δ
193 760 383 808 omisisse,
429 761 532 813 quod
571 761 740 801 litteram
782 762 902 801 altero
935 762 1066 802 codice
1097 762 1340 815 inspiciendo
1371 775 1451 802 non
1483 763 1544 802 in-

119 828 338 869 venerunt?
369 854 422 859 —
454 828 693 871 καῖοὲλυσιν
724 845 916 883 πρατεον
947 832 1063 871 habet
1094 832 1143 879 M,
1186 833 1545 886 πραγματευτέον

120 897 167 939 C:
198 900 478 939 KATAAY
503 900 1158 941 CINIJPATMATEITEOH
1183 901 1232 940 R:
1266 903 1544 942 KATAAY-

123 969 655 1008 IIPHPATMTEITON
695 968 742 1007 P:
795 971 928 1021 ecquis
978 969 1052 1009 ista
1099 970 1318 1010 litterarum
1365 977 1542 1024 portenta

120 1037 419 1090 interpolatione
451 1038 489 1077 in
523 1037 554 1076 R
586 1046 623 1078 et
655 1038 682 1076 P
715 1039 889 1078 traducta
922 1052 1007 1079 esse
1039 1037 1190 1079 credit?

694 1159 755 1194 De
785 1160 818 1194 N
849 1161 889 1195 et
919 1160 968 1195 H.

234 1245 424 1293 Quoniam
460 1258 505 1285 ex
536 1245 594 1294 iis,
625 1259 724 1297 quos
756 1246 972 1294 attulimus,
1004 1246 1098 1286 locis
1130 1246 1226 1286 nihil
1257 1260 1341 1287 esse
1370 1254 1542 1300 apparet,

121 1315 223 1367 quod
254 1317 292 1354 Σ
328 1328 374 1354 ex
404 1314 439 1353 M
479 1320 713 1368 prognatum
751 1328 836 1355 esse
876 1323 991 1367 atque
1023 1322 1110 1368 post
1144 1316 1324 1356 meliores
1355 1317 1542 1356 lectiones

120 1384 389 1437 interpolando
434 1385 627 1438 accepisse
673 1386 930 1438 suspicemur,
983 1386 1160 1437 sequitur
1207 1393 1250 1425 ut
1286 1399 1540 1439 exponamus,

121 1466 220 1505 quae
263 1453 534 1507 propinquitas
580 1467 714 1494 eorum
762 1455 954 1503 codicum,
1001 1455 1069 1506 qui
1100 1468 1147 1494 ex
1178 1457 1214 1494 Σ
1242 1455 1406 1508 profecti
1437 1462 1540 1503 sunt,

121 1535 205 1562 esse
250 1522 436 1563 videatur.
497 1523 675 1563 Primum
722 1524 839 1576 igitur
869 1524 901 1563 N
926 1523 976 1577 -ι-
1002 1525 1034 1563 Η
1079 1538 1099 1563 a
1144 1525 1306 1577 reliquis
1343 1525 1540 1565 codicibus

121 1591 381 1643 seiungendos
419 1604 505 1631 esse
536 1592 576 1631 hi
607 1593 680 1632 loci
712 1594 890 1645 probant,
932 1594 1073 1645 quibus
1106 1594 1199 1634 locis
1232 1595 1410 1634 codicum
1443 1593 1540 1633 ΕΟΡ

119 1673 209 1700 cum
256 1660 293 1700 M
318 1660 409 1714 †s
461 1662 666 1702 consensio
712 1662 782 1701 NH
827 1663 1028 1702 communi
1074 1676 1206 1703 errore
1250 1663 1425 1703 laborare
1471 1663 1538 1704 de-

118 1736 333 1770 monstrat:

229 1799 310 1847 19,
342 1800 360 1838 1
409 1799 577 1840 Nimium
621 1812 715 1840 raro
758 1801 863 1841 nobis
907 1802 973 1841 abs
1024 1809 1056 1841 ce
1109 1803 1253 1841 litterae
1298 1802 1534 1854 adferuntur

118 1865 341 1919 EOPMs*):
387 1868 419 1907 N
466 1868 613 1908 omittit
657 1871 774 1916 nobis,
821 1869 854 1908 H
892 1870 1063 1922 positum
1103 1877 1192 1922 post
1222 1871 1288 1911 abs
1332 1877 1365 1911 te
1402 1871 1536 1919 habet3

117 1943 276 1989 apparet
295 1937 426 1989 igitur,
458 1938 589 1977 sedem
615 1939 787 1978 vocabuli
811 1939 849 1978 in
872 1939 904 1978 N
923 1939 974 1991 -l—
994 1939 1027 1978 11
1049 1939 1257 1979 vacillasse.
1295 1948 1348 1970 -δ
1386 1940 1401 1980 l
1426 1941 1489 1988 17,
1512 1942 1536 1980 5

117 2006 216 2058 quod
251 2018 309 2046 me
346 2007 499 2047 ambitio
536 2008 721 2059 quaedam
759 2009 810 2048 ad
847 2009 1037 2048 honorum
1067 2010 1235 2049 studium
1265 2009 1442 2049 EOPMs:
1489 2010 1539 2050 ad

120 2073 305 2115 bonorum
348 2076 515 2116 studium
545 2075 627 2115 NH.
674 2099 727 2105 —
774 2078 787 2116 1
819 2079 881 2124 17,
912 2077 935 2117 8
982 2081 1048 2130 qui
1082 2081 1250 2130 primum
1289 2078 1389 2119 illud
1427 2079 1538 2119 valde

119 2146 288 2196 yravz’ter
328 2144 499 2185 tulerunt
537 2145 712 2185 EOPMs:
758 2146 870 2186 valde
916 2147 1024 2186 deest
1063 2147 1101 2186 in
1132 2147 1214 2187 NH.
1260 2171 1313 2175 —
1360 2148 1537 2197 117,10

115 2219 209 2258 tuta,
240 2220 282 2252 ut
313 2225 432 2266 spero,
463 2217 536 2262 via,
567 2228 681 2267 quam
712 2215 782 2254 tibi
810 2215 944 2255 litteris
964 2219 1055 2256 satis
1077 2216 1268 2269 emplz'care
1288 2229 1366 2256 non
1381 2230 1536 2270 possum

115 2280 290 2321 EOPMs:
324 2281 357 2320 H
388 2282 534 2322 omittit
563 2286 664 2330 satis,
696 2283 727 2322 N
750 2284 866 2324 habet
887 2288 976 2325 satis
998 2286 1149 2334 lz'cter2'33
1181 2287 1229 2325 cf.
1252 2286 1298 2326 ad
1321 2286 1336 2326 1
1360 2287 1397 2334 9,
1423 2288 1457 2326 1.
1482 2311 1538 2315 —-

115 2349 207 2398 111,
237 2351 261 2388 2
306 2351 458 2390 videtur
494 2355 593 2391 enim
625 2365 731 2404 posse
771 2354 911 2407 aliquid
947 2358 1084 2395 nostris
1114 2356 1226 2396 rebus
1258 2357 1352 2396 lucis
1383 2356 1536 2408 adferre

116 2417 290 2458 EOPMs:
319 2432 427 2472 posse
458 2420 602 2473 aliquid
630 2422 742 2462 rebus
772 2426 909 2463 nostris
940 2425 1039 2464 lucri
1060 2425 1103 2471 ll,
1132 2438 1238 2477 posse
1260 2425 1404 2477 aliquid
1425 2425 1538 2464 rebus

116 2544 234 2587 velint,
272 2556 334 2576 non
362 2544 462 2577 facile
489 2556 668 2588 apparel-<23
707 2545 748 2580 cf.
774 2549 900 2580 ssaitevi
926 2549 999 2580 adn.
1027 2549 1065 2580 ad
1093 2548 1172 2581 XVI
1196 2549 1272 2590 13³,
1292 2550 1311 2581 2
1338 2550 1377 2581 de
1406 2550 1535 2582 litteris

116 2598 256 2632 Graecis
283 2601 316 2631 in
343 2599 384 2632 M.

208 2653 239 2693 ¹⁶)
263 2653 420 2686 Codicum
454 2656 568 2687 varias
602 2656 766 2688 lectiones
801 2657 830 2688 in
865 2657 905 2689 iis
940 2659 1129 2697 vocabulis,
1166 2669 1248 2700 quae
1286 2659 1325 2689 ad
1364 2669 1432 2690 rem
1471 2669 1532 2690 nou

116 2712 280 2749 spectant,
308 2711 504 2742 omittimus.
