1821 3077
731 194 848 198 —-
914 169 997 210 170
1059 185 1176 198 —-‘—

246 289 374 327 versio
422 288 545 327 italica
587 295 732 326 movet:
781 287 917 334 Qeceslo
949 294 1074 326 nostro
1107 287 1264 338 Pompeo
1297 301 1370 326 non
1401 289 1513 339 penso
1545 297 1663 340 punto

247 372 270 397 α
301 365 429 410 questa.
461 359 658 409 questione,
698 355 831 394 benche'
860 358 1024 394 innanzi
1051 367 1129 394 ηοη
1160 368 1284 395 avesse
1316 359 1394 395 mai
1420 364 1595 408 pensat03
1631 358 1663 396 is

252 426 369 472 enim,
403 424 469 477 qui
500 424 595 463 haec
625 424 676 463 ita
711 424 836 470 vertit,
869 437 952 463 cnm
988 446 1038 451 *υ
1071 431 1194 462 tamen
1225 423 1361 474 legisse
1399 424 1564 464 videtur.
1611 448 1666 452 ——

244 494 279 533 X
302 495 339 541 7,
370 495 385 532 1
413 493 536 542 (Caes.
560 505 592 531 c.
615 492 685 531 XX
707 494 729 540 ξ
752 492 824 540 243
858 505 892 544 p.
917 491 996 531 460
1021 492 1079 530 ed.
1102 491 1228 539 Razz.)
1269 492 1352 532 Mea
1385 500 1509 532 autem
1549 506 1665 533 causa

246 563 323 602 αἷία
354 570 420 607 esc,
452 564 518 614 qui
547 561 615 612 (ita
649 560 770 607 Razz.,
817 560 1044 600 Schneisleri
1080 561 1162 599 cod.
1195 565 1282 612 qua)
1331 561 1504 614 beneficio
1551 564 1666 602 victus

247 630 369 677 Petr.;
418 642 500 668 mea
554 642 669 668 causa
715 637 840 668 autem
881 628 923 675 E,
955 628 999 675 Ο,
1023 627 1066 674 R,
1096 628 1151 675 M,
1195 630 1294 680 quod
1339 630 1512 681 beneficio
1547 629 1587 676 E,
1614 629 1664 668 Ο2

248 699 303 749 (in
337 711 414 750 quo
447 698 578 737 codice
610 698 661 736 Ο1
695 698 794 749 quod
826 697 959 736 omisit
991 697 1027 735 in
1061 709 1243 736 versuum
1277 698 1454 745 divortio,
1489 697 1543 736 m²
1567 698 1666 750 quod

247 767 425 818 addidit),
472 767 516 812 R,
544 766 599 812 313
639 770 783 805 vinctus
820 766 868 806 E.
895 766 938 813 O,
965 766 1009 813 R,
1033 765 1088 811 313
1130 765 1252 804 versio
1296 766 1442 804 italica:
1491 765 1545 805 La
1591 769 1666 806 mia

250 836 451 888 cayionee'
492 835 702 874 altrimenti
735 835 848 886 satta,
894 835 956 873 che
997 837 1098 872 viulo
1137 833 1201 872 dal
1239 834 1411 886 beneficio
1449 847 1521 874 non
1559 847 1666 886 posso

248 917 366 944 essere
413 906 573 953 inyralo.
624 927 670 931 -—
722 903 773 942 IX
796 903 855 949 Tc,
890 902 913 940 2
952 902 1076 953 waes.
1109 915 1140 940 c.
1172 902 1243 941 XX
1275 902 1393 950 §433
1433 916 1468 954 p.
1493 903 1573 942 478
1605 903 1664 942 ed.

249 972 377 1020 Razz.)
425 984 536 1023 qnam
584 973 659 1011 illis
698 975 763 1024 qm·
801 979 834 1010 et
875 970 936 1010 illa·
974 970 1101 1008 Petu:
1141 984 1252 1023 qnam
1291 971 1346 1010 his
1384 971 1433 1017 M,
1474 984 1586 1023 quam
1622 974 1668 1010 iis

249 1040 290 1087 E,
314 1041 358 1087 Ο,
378 1040 428 1088 R;
461 1052 560 1079 vers.
593 1040 739 1079 italica:
779 1042 955 1091 pz'utlosto
993 1041 1112 1078 amico
1144 1052 1165 1078 α
1199 1052 1266 1084 me,
1301 1039 1363 1079 che
1394 1052 1416 1078 α
1449 1040 1579 1092 queyli.
1611 1062 1665 1066 ——

247 1109 294 1148 IX
323 1109 384 1155 16,
409 1108 432 1147 2
466 1109 587 1156 (Caes.
621 1122 651 1147 c.
677 1109 743 1147 XX
766 1110 788 1156 ἓ
811 1109 884 1153 443
916 1120 952 1159 p.
976 1107 1057 1146 480
1081 1108 1139 1146 ed.
1165 1107 1290 1147 Ram}
1337 1115 1375 1146 ut
1405 1120 1541 1148 rursus
1579 1107 1670 1147 mihi

251 1177 370 1223 Pena,
403 1177 463 1216 ed.
496 1177 732 1216 Jensoniana
766 1175 832 1227 (!);
882 1177 1006 1216 versio
1045 1177 1189 1215 italica:
1237 1178 1336 1216 accio
1375 1176 1436 1216 che
1475 1177 1517 1216 de·
1544 1184 1667 1216 nuovo

251 1249 304 1285 mi
329 1247 526 1297 facessono
555 1259 720 1298 guerra:
755 1253 795 1284 nt
827 1246 920 1284 mihi
948 1258 1085 1285 rursus
1117 1245 1156 1291 E,
1177 1247 1220 1291 0,
1240 1244 1283 1291 R,
1302 1244 1349 1283 M.
1382 1267 1434 1272 —-
1465 1244 1535 1283 XII
1557 1243 1622 1291 29,
1642 1243 1665 1281 2

248 1315 350 1353 Petr.
387 1317 433 1354 de
465 1315 540 1353 vita
573 1315 741 1353 solitaria
777 1314 933 1362 O'iertel
965 1327 1000 1366 p.
1035 1314 1104 1363 32)
1143 1313 1216 1352 Nec
1248 1316 1346 1352 enim
1378 1316 1417 1352 in
1448 1313 1563 1351 turba
1590 1325 1667 1351 esse

247 1395 428 1434 possum:
451 1395 517 1422 uec
538 1386 635 1422 enim
659 1395 732 1422 esse
754 1386 791 1422 in
814 1383 927 1422 turba
946 1395 1093 1434 possum
1117 1382 1162 1427 Ο,
1186 1382 1244 1429 Μς
1267 1383 1406 1421 desunt
1433 1381 1473 1429 E,
1491 1381 1535 1429 R,
1554 1381 1595 1420 Ρ.
1614 1404 1667 1409 -

251 1451 319 1489 xfl
345 1452 394 1489 15
433 1450 535 1489 Petr.
574 1451 717 1490 ibidem
764 1455 799 1490 in
850 1452 984 1490 silvam
1034 1464 1091 1490 me
1135 1452 1316 1490 abstrusi:
1362 1463 1418 1489 me
1454 1453 1494 1489 in
1531 1449 1668 1490 silvam

250 1519 293 1566 R,
314 1519 355 1565 P,
375 1518 446 1566 M23
489 1532 545 1559 me
582 1520 799 1559 omiserunt
832 1520 876 1565 Ο,
896 1519 962 1557 )l¹.
1009 1542 1062 1546 —
1096 1519 1160 1557 ΠΙ
1184 1519 1247 1566 13,
1272 1519 1295 1557 7
1328 1518 1443 1565 (131),
1466 1518 1508 1569 3)
1541 1517 1666 1570 (Caes.

249 1601 280 1626 c.
305 1587 373 1627 XX
401 1589 423 1635 ξ
454 1589 526 1634 11;
559 1601 594 1639 p.
620 1589 700 1626 444
739 1587 797 1625 ed.
838 1588 964 1639 Razz.)
1011 1589 1114 1628 nobis
1156 1588 1305 1626 videtur
1354 1587 1475 1626 Petr.:
1522 1588 1668 1627 videtur

250 1656 356 1696 nobis
387 1656 428 1698 E,
447 1656 492 1702 N,
512 1656 556 1703 H,
575 1655 619 1702 Ο,
638 1655 679 1702 Ρ,
697 1655 745 1694 M.

363 1723 449 1763 Non
483 1725 599 1763 nullis
637 1738 682 1763 ex
725 1725 770 1762 iis
811 1737 909 1775 quos
949 1725 1153 1764 attulimus
1190 1724 1284 1763 locis
1326 1724 1408 1763 fieri
1446 1723 1586 1776 potuit,
1626 1729 1669 1762 ut

251 1793 334 1844 ipse
367 1792 573 1831 Petrarcha
606 1792 871 1843 neglegentius
903 1806 949 1832 ex
980 1793 1177 1832 Ciceronis
1209 1799 1246 1832 et
1277 1792 1451 1832 Caesaris
1491 1791 1668 1844 epistulis

253 1861 365 1900 verba
413 1861 599 1907 adferret,
646 1873 734 1899 cum
782 1873 872 1900 vero
904 1861 955 1900 IX
981 1861 1044 1909 16,
1070 1862 1091 1899 2
1124 1861 1332 1900 Petrareha
1370 1873 1459 1900 cum
1500 1860 1668 1900 editione

249 1930 486 1969 Jensoniana
520 1930 741 1969 consentiat
771 1942 939 1980 cumque
970 1929 1038 1968 Xll
1065 1931 1114 1969 15
1137 1943 1184 1969 ex
1206 1930 1236 1969 Ο
1261 1937 1298 1969 et
1320 1930 1387 1977 Ml,
1420 1929 1486 1981 qui
1518 1929 1668 1969 codices

254 2012 310 2039 me
341 1999 540 2042 omittunt,
590 1997 718 2036 sedem
764 1999 847 2036 eius
888 1998 1059 2036 vocabuli
1092 1998 1278 2037 incertam
1314 1998 1434 2037 fuisse
1475 2005 1666 2050 appareat,

253 2067 325 2106 hoc
357 2068 430 2105 iam
465 2067 548 2106 loco
581 2066 616 2104 id
659 2066 848 2118 suspicari
889 2067 989 2112 licet,
1036 2067 1138 2118 quod
1186 2068 1283 2106 infra
1318 2080 1353 2118 p.
1379 2066 1457 2106 173
1490 2066 1666 2118 pluribus

249 2135 479 2174 lectionibus
502 2135 770 2173 demonstrare
790 2134 971 2182 conabor,
997 2138 1045 2181 52,
1069 2148 1113 2174 ex
1132 2149 1208 2186 quo
1231 2136 1361 2175 codice
1383 2143 1421 2174 et
1437 2135 1666 2174 petrarchae

250 2204 497 2255 apographon
539 2210 576 2242 et
617 2205 654 2242 Σ
691 2210 729 2242 et
771 2207 809 2242 Δ
859 2204 1021 2254 profecti
1073 2211 1177 2251 sunt,
1224 2204 1494 2256 dittographiis
1548 2210 1664 2255 atque

250 2271 484 2311 correcturis
518 2284 630 2310 usum
664 2283 759 2310 esse.

365 2340 447 2378 Erit
503 2340 568 2391 qui
626 2352 699 2378 nos
759 2340 1038 2392 reprehendat,
1101 2341 1204 2391 quod
1266 2341 1311 2379 de
1372 2340 1510 2392 paucis
1571 2340 1664 2379 locis

251 2409 344 2447 llaec
376 2409 634 2460 disputamus.
687 2408 810 2455 Quem
849 2421 919 2447 nos
957 2422 1180 2460 precamur,
1229 2416 1272 2448 ut
1308 2409 1438 2461 plures
1479 2409 1664 2447 lectiones

251 2491 270 2516 a
316 2477 522 2515 Petrarcha
569 2485 894 2516 commemoratas
945 2478 1113 2523 adserat,
1159 2490 1236 2528 quo
1273 2476 1418 2515 certius
1463 2476 1509 2514 de
1549 2489 1590 2514 ea
1622 2489 1664 2514 re

250 2545 487 2584 constituere
503 2546 710 2597 possimus.
750 2545 928 2584 Ceterum
955 2546 999 2584 iis
1022 2545 1116 2597 ipsis
1139 2558 1236 2597 quae
1258 2550 1413 2584 exstant
1432 2543 1664 2583 lectionibus

251 2621 428 2666 apparet,
489 2615 535 2653 iis
588 2614 972 2666 interpolationibus,
1025 2613 1175 2666 Jquibus
1221 2613 1273 2660 Ο,
1301 2613 1356 2659 R,
1387 2612 1416 2650 P
1471 2612 1664 2664 inquinati

251 2688 356 2728 sunt,
390 2688 431 2721 ut
466 2682 493 2720 E
524 2689 562 2722 et
591 2682 628 2721 M
659 2682 711 2722 ita
740 2682 973 2723 Petrarchae
1012 2695 1169 2734 quoque
1208 2680 1454 2733 apographon
1496 2679 1662 2720 liberum
