1821 3077
666 111 1113 151 —199—

177 230 392 269 sententiae
425 230 519 269 satis
550 229 660 268 facit:
699 230 786 268 ‘Sed
820 230 912 281 quiil
944 243 1013 280 ego
1047 230 1145 268 hanc
1176 242 1258 268 rem
1292 228 1451 269 scribo?
1498 231 1600 269 Nihil

175 300 221 338 ad
255 299 342 338 me'.
374 322 429 327 —-
459 299 506 338 ad
538 300 616 337 Att.
650 299 713 337 XV
740 298 803 337 13.
828 298 850 337 3
886 298 1061 338 Clodium
1090 298 1185 338 nihil
1205 298 1374 338 arbitror
1396 300 1598 339 malitiose:

176 380 404 420 quamquam
434 391 487 396 —
518 367 582 407 sed
612 368 710 419 quod
740 370 862 420 egerit.
924 366 978 405 Ne
1012 368 1084 405 hoc
1114 367 1271 418 quidem
1311 368 1395 407 loco
1427 381 1468 407 ea
1501 381 1598 420 quae

178 437 317 476 tradita
362 442 456 476 sunt
501 442 604 475 recte
651 436 913 488 explicantur:
966 448 1055 474 nam
1108 437 1198 488 quid
1243 440 1357 488 eqerz't
1402 438 1598 477 Manutius

175 505 341 544 coniecit
379 517 499 556 eaque
538 505 760 545 coniectura
804 511 956 556 recepta
1002 511 1078 550 θεῖς
1124 511 1162 544 et
1215 512 1343 545 tamen
1390 507 1502 559 plana
1540 514 1599 547 est

175 573 386 613 sententia:
411 573 601 613 ‘Clodium
625 573 723 612 nihil
744 574 912 613 arbitror
929 573 1121 613 malitiose
1144 574 1336 625 (fecisse);
1359 588 1597 627 quamquam

175 642 224 690 (ei
262 654 340 682 nou
378 642 560 690 confido).
622 643 696 682 Sed
736 643 841 694 quod
881 645 1003 694 egerit
1041 644 1077 683 id
1115 649 1245 683 actum
1286 644 1453 692 habeb03
1501 645 1598 684 nihil

173 710 219 749 ad
252 723 314 750 me
344 723 472 762 neque
501 711 540 750 in
573 724 615 750 ea
646 724 688 751 re
718 711 876 751 laboro'.

285 780 456 832 Apparet
495 779 615 831 igitur
646 780 691 819 VI
723 780 760 827 6,
789 781 814 819 4
859 780 933 820 hoc
975 781 1091 820 modo
1127 781 1484 834 interpungendum
1521 794 1599 821 non

171 851 250 890 dico
281 851 451 902 equidem
483 850 594 901 ‘quod
623 852 738 901 egerit
769 849 850 895 —',
887 851 953 890 sed
990 858 1115 891 tamen
1144 851 1262 891 nzzclto
1293 854 1417 891 minus
1448 852 1594 892 laboro·

172 923 297 971 Atque
352 932 401 958 ne
454 919 547 971 quid
607 919 806 967 omittam,
862 919 1001 958 similis
1052 932 1180 971 neque
1222 933 1311 960 vero
1358 921 1491 960 eadem
1539 928 1599 961 est

172 989 363 1030 sententia
395 989 456 1028 his
486 989 601 1028 locis:
633 988 678 1027 ad
710 989 787 1028 Att.
811 988 863 1028 IX
888 989 951 1036 10,
975 990 998 1028 7
1031 989 1130 1040 quod
1151 992 1279 1041 eyerz's,
1310 989 1350 1028 id
1373 992 1598 1041 στερκτέον

167 1060 334 1112 putabo,
371 1058 419 1097 XI
455 1059 518 1106 13,
543 1060 566 1098 3
599 1058 773 1111 quicquid
808 1060 953 1110 eyz‘sses,
990 1065 1087 1098 recte
1125 1071 1200 1098 esse
1239 1066 1363 1099 actam
1396 1066 1596 1110 pataream

172 1128 261 1168 XIII
292 1127 345 1166 24
383 1127 486 1179 quod
522 1131 652 1180 egeris,
691 1128 730 1167 td
756 1127 939 1178 probabo.
1002 1127 1069 1166 His
1101 1128 1205 1166 enim
1238 1128 1363 1167 tribus
1395 1130 1488 1167 locis
1518 1142 1595 1168 nou

171 1197 412 1249 contemptio
442 1209 575 1237 earum
609 1209 756 1243 rerum,
789 1209 888 1247 quae
919 1204 1100 1248 aguntur,
1134 1197 1200 1236 sed
1224 1197 1411 1237 iudicium
1434 1197 1597 1237 fiduciae

172 1267 331 1319 plenum
366 1266 412 1305 de
444 1278 501 1313 eo,
534 1264 600 1316 qui
631 1265 720 1316 agit,
754 1265 1008 1316 significatur.

284 1335 348 1374 Vll
381 1335 418 1383 6,
443 1334 468 1373 2
499 1334 554 1374 De
584 1346 626 1373 re
653 1333 807 1385 publica
827 1334 938 1374 valde
959 1337 1083 1382 timeo,
1114 1347 1183 1374 nec
1205 1334 1326 1375 adhuc
1346 1336 1429 1387 fere
1456 1338 1594 1383 inveni,

170 1407 236 1458 qui
272 1416 351 1444 non
389 1403 668 1443 concedendum
700 1409 857 1454 putaret
898 1402 1058 1443 Caesari
1095 1404 1193 1456 quod
1226 1404 1438 1456 postularet
1472 1408 1597 1456 potius

171 1486 284 1526 quam
318 1473 623 1525 depuynandum.
683 1472 750 1512 Est
779 1472 850 1512 illa
880 1473 1031 1524 quidem
1063 1472 1115 1525 —l-
1148 1473 1348 1525 impudens
1380 1472 1432 1524 -Ι-
1462 1482 1596 1525 postu-

172 1541 262 1581 latz'o
293 1544 467 1594 opinione
489 1541 696 1588 valentior,·
735 1554 805 1581 cur
833 1548 958 1581 autem
981 1553 1083 1580 nunc
1100 1544 1273 1592 primum
1294 1546 1329 1582 ee·
1346 1541 1597 1582 resistamus?

285 1610 387 1657 Quid
419 1610 454 1648 X
485 1610 676 1657 habuerit,
709 1623 788 1649 nou
820 1618 991 1656 constat;
1039 1623 1127 1650 nam
1166 1623 1294 1662 neque
1328 1613 1355 1651 C
1393 1625 1519 1663 neque
1552 1612 1597 1650 W

173 1692 298 1731 neque
317 1679 342 1718 Z
360 1679 521 1725 adsunt,
540 1679 673 1730 itaque
688 1684 766 1718 tota
787 1678 998 1731 disputatio
1016 1680 1127 1732 plane
1145 1680 1312 1720 infirmis
1332 1681 1598 1720 fundamentis

172 1748 323 1794 nititur,
345 1748 575 1801 praesertim
598 1761 686 1787 cum
713 1760 761 1786 ne
784 1748 830 1786 de
854 1751 890 1786 ,(2
907 1748 1063 1800 quidem
1084 1749 1177 1788 satis
1192 1756 1364 1789 «constet.
1407 1750 1482 1788 lam
1508 1763 1597 1789 vero

172 1819 369 1870 impudens
400 1817 545 1857 habent
575 1817 616 1864 Ε,
639 1817 684 1862 N,
708 1817 753 1864 ll,
777 1817 821 1864 Ο,
843 1817 886 1864 Ρ,
909 1817 1101 1858 omittunt
1130 1818 1178 1863 M,
1204 1832 1240 1867 s,
1271 1818 1328 1858 M²
1363 1819 1401 1857 in
1427 1819 1598 1869 margine

174 1889 322 1940 quidem
353 1889 554 1939 impudens
582 1887 787 1940 postulatio
825 1887 946 1927 nihilo
984 1887 1137 1927 firmius
1174 1887 1265 1927 facit
1295 1889 1595 1928 fumlameutum

175 1958 230 1996 rei
264 1957 431 2004 criticae,
479 1958 580 2008 quod
618 1957 682 1995 M2
715 1957 913 2009 plerisque
943 1957 1036 1996 locis
1067 1970 1113 1996 cx
1144 1958 1181 1995 Σ
1211 1957 1349 1996 hausta
1381 1963 1440 1996 est
1471 1970 1598 2008 neque

172 2025 277 2078 Σ-Ι-
295 2023 349 2064 M2
377 2026 500 2078 pluris
522 2032 616 2065 sunt
637 2038 752 2077 quam
778 2038 880 2065 unus
902 2027 940 2065 Σ
958 2026 1022 2076 (cf.
1047 2040 1083 2077 p.
1110 2025 1219 2074 189).
1263 2026 1523 2077 Relinquitur,
1558 2032 1599 2065 ut

173 2095 297 2146 ipsam
338 2095 573 2134 sententiam
614 2095 907 2134 consideremus
946 2102 985 2134 et
1022 2107 1276 2145 quaeramus,
1323 2108 1447 2146 ecquo
1482 2095 1597 2133 modo

173 2163 376 2203 diiudicari
397 2164 532 2215 possit,
558 2170 689 2203 utrum
712 2164 911 2215 impudens
933 2164 971 2202 in
988 2165 1025 2202 Σ
1039 2164 1264 2203 coniectura
1286 2164 1487 2215 irrepserit
1508 2176 1555 2202 au
1578 2177 1596 2202 a

177 2236 216 2271 A
237 2232 428 2271 omissum
453 2232 514 2270 sit.
557 2231 632 2271 Fac
651 2232 782 2282 igitur,
804 2233 844 2271 in
863 2235 900 2271 Ω
922 2233 1042 2271 fuisse
1063 2240 1117 2273 est
1138 2233 1207 2272 illa
1229 2234 1376 2285 quidem
1394 2232 1597 2283 postulatio

175 2303 348 2353 opinione
392 2300 596 2340 valentior:
646 2313 724 2340 non
771 2301 880 2341 facile
929 2308 1029 2348 erat,
1077 2302 1143 2354 qui
1191 2301 1425 2341 senteutiam
1473 2301 1597 2339 iuter-

177 2369 373 2421 polatione
412 2369 596 2410 turbaret.
636 2369 778 2410 Contra
819 2372 890 2418 fac,
928 2371 966 2409 in
1006 2373 1043 2409 ,Ω
1079 2371 1201 2410 fuisse
1246 2378 1297 2410 est
1334 2370 1403 2409 illa
1448 2370 1597 2421 quidem

175 2439 375 2490 impudens
416 2438 620 2490 postulatio
675 2441 846 2491 opinione
895 2440 1101 2479 valentior:
1154 2439 1263 2478 facile
1314 2438 1595 2484 inveniebatur,

177 2507 244 2559 qui
289 2508 487 2559 impudens
534 2507 746 2546 tollendum
799 2520 884 2546 esse
930 2508 1129 2547 iudicaret.
1210 2507 1366 2546 Accedit
1416 2507 1594 2556 (lenique,

177 2577 282 2629 quod
323 2576 530 2628 postulatio
576 2578 747 2627 opinione
785 2576 972 2617 valentior
1018 2577 1112 2615 nihil
1157 2583 1235 2617 est:
1284 2576 1319 2615 i‹l
1361 2575 1462 2626 quod
1496 2575 1596 2613 iufra

177 2645 546 2685 demonstrabimus.
