<?xml version="1.0" encoding="UTF-8"?>
<!DOCTYPE html PUBLIC "-//W3C//DTD XHTML 1.0 Transitional//EN"
    "http://www.w3.org/TR/xhtml1/DTD/xhtml1-transitional.dtd">
<html xmlns="http://www.w3.org/1999/xhtml" xml:lang="en" lang="en">
 <head>
  <title>
</title>
<meta http-equiv="Content-Type" content="text/html;charset=utf-8" />
  <meta name='ocr-system' content='tesseract 3.04.00' />
  <meta name='ocr-capabilities' content='ocr_page ocr_carea ocr_par ocr_line ocrx_word'/>
</head>
<body>
  <div class='ocr_page' id='page_1' title='image "./deciceronisadatt00lehmuoft_0028.png"; bbox 0 0 1821 3077; ppageno 0'>
   <div class='ocr_carea' id='block_1_1' title="bbox 811 164 1220 204">
    <p class='ocr_par' dir='ltr' id='par_1_1' title="bbox 811 164 1220 204">
     <span class='ocr_line' id='line_1_1' title="bbox 811 164 1220 204; baseline -0.002 -12"><span class='ocrx_word' id='word_1_1' title='bbox 811 164 1220 204; x_wconf 40' lang='lat'>*13—</span> 
     </span>
    </p>
   </div>
   <div class='ocr_carea' id='block_1_2' title="bbox 312 280 1726 2590">
    <p class='ocr_par' dir='ltr' id='par_1_2' title="bbox 312 280 1726 2590">
     <span class='ocr_line' id='line_1_2' title="bbox 313 280 1717 333; baseline -0.001 -12"><span class='ocrx_word' id='word_1_2' title='bbox 313 282 494 321; x_wconf 87' lang='lat' dir='ltr'>lectiones</span> <span class='ocrx_word' id='word_1_3' title='bbox 516 283 604 320; x_wconf 88' lang='lat' dir='ltr'>Ant.</span> <span class='ocrx_word' id='word_1_4' title='bbox 627 288 664 320; x_wconf 87' lang='lat' dir='ltr'>et</span> <span class='ocrx_word' id='word_1_5' title='bbox 684 281 712 319; x_wconf 90' lang='lat' dir='ltr'><strong>F</strong></span> <span class='ocrx_word' id='word_1_6' title='bbox 740 280 1101 333; x_wconf 73' lang='lat' dir='ltr'>interpolationibus</span> <span class='ocrx_word' id='word_1_7' title='bbox 1123 280 1334 332; x_wconf 87' lang='lat' dir='ltr'>accepisse:</span> <span class='ocrx_word' id='word_1_8' title='bbox 1370 287 1497 320; x_wconf 88' lang='lat' dir='ltr'>tamen</span> <span class='ocrx_word' id='word_1_9' title='bbox 1520 281 1557 320; x_wconf 89' lang='lat' dir='ltr'>id</span> <span class='ocrx_word' id='word_1_10' title='bbox 1579 281 1717 321; x_wconf 85' lang='lat' dir='ltr'>falsum</span> 
     </span>
     <span class='ocr_line' id='line_1_3' title="bbox 314 349 1719 402; baseline -0.001 -13"><span class='ocrx_word' id='word_1_11' title='bbox 314 363 396 389; x_wconf 91' lang='lat' dir='ltr'>esse</span> <span class='ocrx_word' id='word_1_12' title='bbox 434 362 558 401; x_wconf 87' lang='lat' dir='ltr'>neque</span> <span class='ocrx_word' id='word_1_13' title='bbox 596 350 674 389; x_wconf 87' lang='lat' dir='ltr'>ullo</span> <span class='ocrx_word' id='word_1_14' title='bbox 708 351 820 390; x_wconf 89' lang='lat' dir='ltr'>modo</span> <span class='ocrx_word' id='word_1_15' title='bbox 862 349 1042 389; x_wconf 80' lang='lat' dir='ltr'>credibile</span> <span class='ocrx_word' id='word_1_16' title='bbox 1082 362 1128 387; x_wconf 79' lang='lat' dir='ltr'>ex</span> <span class='ocrx_word' id='word_1_17' title='bbox 1166 361 1243 388; x_wconf 87' lang='lat' dir='ltr'>non</span> <span class='ocrx_word' id='word_1_18' title='bbox 1276 349 1393 388; x_wconf 88' lang='lat' dir='ltr'>nullis</span> <span class='ocrx_word' id='word_1_19' title='bbox 1424 350 1518 389; x_wconf 90' lang='lat' dir='ltr'>locis</span> <span class='ocrx_word' id='word_1_20' title='bbox 1549 357 1719 402; x_wconf 88' lang='lat' dir='ltr'>apparet,</span> 
     </span>
     <span class='ocr_line' id='line_1_4' title="bbox 317 418 1721 471; baseline 0.001 -14"><span class='ocrx_word' id='word_1_21' title='bbox 317 419 429 457; x_wconf 90' lang='lat' dir='ltr'>modo</span> <span class='ocrx_word' id='word_1_22' title='bbox 461 418 640 470; x_wconf 86' lang='lat' dir='ltr'>princeps</span> <span class='ocrx_word' id='word_1_23' title='bbox 671 419 741 458; x_wconf 83' lang='lat' dir='ltr'>ista</span> <span class='ocrx_word' id='word_1_24' title='bbox 772 419 869 458; x_wconf 87' lang='lat' dir='ltr'>ratio</span> <span class='ocrx_word' id='word_1_25' title='bbox 900 418 1183 471; x_wconf 86' lang='lat' dir='ltr'>philologorum</span> <span class='ocrx_word' id='word_1_26' title='bbox 1216 424 1401 465; x_wconf 84' lang='lat' dir='ltr'>servetur,</span> <span class='ocrx_word' id='word_1_27' title='bbox 1449 425 1503 465; x_wconf 85' lang='lat' dir='ltr'>ut,</span> <span class='ocrx_word' id='word_1_28' title='bbox 1544 418 1721 470; x_wconf 89' lang='lat' dir='ltr'>quisquis</span> 
     </span>
     <span class='ocr_line' id='line_1_5' title="bbox 315 486 1721 539; baseline 0.001 -14"><span class='ocrx_word' id='word_1_29' title='bbox 315 487 633 538; x_wconf 75' lang='lat' dir='ltr'>interpolationes</span> <span class='ocrx_word' id='word_1_30' title='bbox 664 487 703 526; x_wconf 91' lang='lat' dir='ltr'>in</span> <span class='ocrx_word' id='word_1_31' title='bbox 736 494 884 527; x_wconf 82' lang='lat' dir='ltr'>textum</span> <span class='ocrx_word' id='word_1_32' title='bbox 917 487 1086 539; x_wconf 88' lang='lat' dir='ltr'>recipiat,</span> <span class='ocrx_word' id='word_1_33' title='bbox 1118 486 1191 525; x_wconf 90' lang='lat' dir='ltr'>hoc</span> <span class='ocrx_word' id='word_1_34' title='bbox 1222 493 1382 537; x_wconf 78' lang='lat' dir='ltr'>spectet,</span> <span class='ocrx_word' id='word_1_35' title='bbox 1418 493 1460 526; x_wconf 83' lang='lat' dir='ltr'>ut</span> <span class='ocrx_word' id='word_1_36' title='bbox 1490 487 1604 526; x_wconf 83' lang='lat' dir='ltr'>verba</span> <span class='ocrx_word' id='word_1_37' title='bbox 1635 500 1721 526; x_wconf 93' lang='lat' dir='ltr'>cor-</span> 
     </span>
     <span class='ocr_line' id='line_1_6' title="bbox 314 554 1721 607; baseline 0.001 -14"><span class='ocrx_word' id='word_1_38' title='bbox 314 561 424 606; x_wconf 87' lang='lat' dir='ltr'>rupta</span> <span class='ocrx_word' id='word_1_39' title='bbox 447 560 634 606; x_wconf 85' lang='lat' dir='ltr'>quantum</span> <span class='ocrx_word' id='word_1_40' title='bbox 668 556 749 594; x_wconf 85' lang='lat' dir='ltr'>fieri</span> <span class='ocrx_word' id='word_1_41' title='bbox 771 556 894 607; x_wconf 82' lang='lat' dir='ltr'>possit</span> <span class='ocrx_word' id='word_1_42' title='bbox 916 554 1092 606; x_wconf 87' lang='lat' dir='ltr'>corrigat.</span> <span class='ocrx_word' id='word_1_43' title='bbox 1143 555 1220 605; x_wconf 88' lang='lat' dir='ltr'>Age</span> <span class='ocrx_word' id='word_1_44' title='bbox 1247 554 1335 600; x_wconf 86' lang='lat' dir='ltr'>iam,</span> <span class='ocrx_word' id='word_1_45' title='bbox 1369 567 1446 593; x_wconf 91' lang='lat' dir='ltr'>non</span> <span class='ocrx_word' id='word_1_46' title='bbox 1470 556 1596 594; x_wconf 90' lang='lat' dir='ltr'>nullos</span> <span class='ocrx_word' id='word_1_47' title='bbox 1618 555 1721 594; x_wconf 90' lang='lat' dir='ltr'>locos</span> 
     </span>
     <span class='ocr_line' id='line_1_7' title="bbox 314 623 1719 675; baseline 0.001 -14"><span class='ocrx_word' id='word_1_48' title='bbox 314 636 359 662; x_wconf 82' lang='lat' dir='ltr'>ex</span> <span class='ocrx_word' id='word_1_49' title='bbox 380 623 426 662; x_wconf 89' lang='lat' dir='ltr'>iis</span> <span class='ocrx_word' id='word_1_50' title='bbox 449 636 545 674; x_wconf 86' lang='lat' dir='ltr'>quos</span> <span class='ocrx_word' id='word_1_51' title='bbox 570 637 683 675; x_wconf 85' lang='lat' dir='ltr'>supra</span> <span class='ocrx_word' id='word_1_52' title='bbox 716 624 848 675; x_wconf 83' lang='lat' dir='ltr'>collegi</span> <span class='ocrx_word' id='word_1_53' title='bbox 871 624 982 675; x_wconf 88' lang='lat' dir='ltr'>paulo</span> <span class='ocrx_word' id='word_1_54' title='bbox 1015 623 1236 674; x_wconf 87' lang='lat' dir='ltr'>diligentius</span> <span class='ocrx_word' id='word_1_55' title='bbox 1269 629 1490 662; x_wconf 83' lang='lat' dir='ltr'>tractemus.</span> <span class='ocrx_word' id='word_1_56' title='bbox 1538 623 1584 662; x_wconf 87' lang='lat' dir='ltr'>IV</span> <span class='ocrx_word' id='word_1_57' title='bbox 1606 623 1671 668; x_wconf 76' lang='lat' dir='ltr'>Sa,</span> <span class='ocrx_word' id='word_1_58' title='bbox 1695 623 1719 662; x_wconf 78' lang='lat'><strong>2</strong></span> 
     </span>
     <span class='ocr_line' id='line_1_8' title="bbox 314 691 1720 743; baseline 0.001 -14"><span class='ocrx_word' id='word_1_59' title='bbox 314 691 353 729; x_wconf 94' lang='lat' dir='ltr'>in</span> <span class='ocrx_word' id='word_1_60' title='bbox 386 691 421 729; x_wconf 88' lang='lat' dir='ltr'><strong>M</strong></span> <span class='ocrx_word' id='word_1_61' title='bbox 454 698 511 730; x_wconf 84' lang='lat' dir='ltr'>est</span> <span class='ocrx_word' id='word_1_62' title='bbox 539 698 733 743; x_wconf 76' lang='lat' dir='ltr'>postquam</span> <span class='ocrx_word' id='word_1_63' title='bbox 763 695 861 731; x_wconf 76' lang='lat' dir='ltr'>misit</span> <span class='ocrx_word' id='word_1_64' title='bbox 892 692 1006 731; x_wconf 73' lang='lat' dir='ltr'>libros</span> <span class='ocrx_word' id='word_1_65' title='bbox 1035 691 1295 730; x_wconf 73' lang='lat' dir='ltr'>inlustrarunt</span> <span class='ocrx_word' id='word_1_66' title='bbox 1324 693 1444 731; x_wconf 78' lang='lat' dir='ltr'>valde.</span> <span class='ocrx_word' id='word_1_67' title='bbox 1506 692 1720 731; x_wconf 83' lang='lat' dir='ltr'>Obscuram</span> 
     </span>
     <span class='ocr_line' id='line_1_9' title="bbox 314 760 1726 813; baseline 0.002 -16"><span class='ocrx_word' id='word_1_68' title='bbox 314 772 398 798; x_wconf 84' lang='lat' dir='ltr'>esse</span> <span class='ocrx_word' id='word_1_69' title='bbox 443 760 674 799; x_wconf 84' lang='lat' dir='ltr'>sententiam</span> <span class='ocrx_word' id='word_1_70' title='bbox 721 767 898 812; x_wconf 71' lang='lat' dir='ltr'>apparet,</span> <span class='ocrx_word' id='word_1_71' title='bbox 942 762 1152 811; x_wconf 13' lang='lat' dir='ltr'>Ant.ssvero</span> <span class='ocrx_word' id='word_1_72' title='bbox 1191 760 1325 799; x_wconf 77' lang='lat' dir='ltr'>habuit</span> <span class='ocrx_word' id='word_1_73' title='bbox 1355 769 1555 813; x_wconf 75' lang='lat' dir='ltr'>postquam</span> <span class='ocrx_word' id='word_1_74' title='bbox 1584 764 1630 800; x_wconf 74' lang='lat' dir='ltr'>sit</span> <span class='ocrx_word' id='word_1_75' title='bbox 1661 762 1726 801; x_wconf 73' lang='lat' dir='ltr'>tibi</span> 
     </span>
     <span class='ocr_line' id='line_1_10' title="bbox 313 826 1723 881; baseline 0.001 -15"><span class='ocrx_word' id='word_1_76' title='bbox 313 828 427 867; x_wconf 75' lang='lat' dir='ltr'>libros</span> <span class='ocrx_word' id='word_1_77' title='bbox 460 857 467 865; x_wconf 91' lang='lat'><strong>.</strong></span> <span class='ocrx_word' id='word_1_78' title='bbox 494 857 502 866; x_wconf 95' lang='lat'><strong>.</strong></span> <span class='ocrx_word' id='word_1_79' title='bbox 527 858 534 866; x_wconf 88' lang='lat'><strong>.</strong></span> <span class='ocrx_word' id='word_1_80' title='bbox 560 859 567 866; x_wconf 91' lang='lat'><strong>.</strong></span> <span class='ocrx_word' id='word_1_81' title='bbox 591 841 625 866; x_wconf 93' lang='grc'>..·</span> <span class='ocrx_word' id='word_1_82' title='bbox 657 828 748 879; x_wconf 87' lang='lat' dir='ltr'>quid</span> <span class='ocrx_word' id='word_1_83' title='bbox 781 826 925 879; x_wconf 70' lang='lat' dir='ltr'>igitur?</span> <span class='ocrx_word' id='word_1_84' title='bbox 957 841 1051 868; x_wconf 90' lang='lat' dir='ltr'>num</span> <span class='ocrx_word' id='word_1_85' title='bbox 1084 828 1197 880; x_wconf 91' lang='lat' dir='ltr'>paulo</span> <span class='ocrx_word' id='word_1_86' title='bbox 1234 829 1402 880; x_wconf 75' lang='lat' dir='ltr'>apertiOr</span> <span class='ocrx_word' id='word_1_87' title='bbox 1443 836 1500 869; x_wconf 88' lang='lat' dir='ltr'>est</span> <span class='ocrx_word' id='word_1_88' title='bbox 1531 830 1723 881; x_wconf 81' lang='lat' dir='ltr'>posterior</span> 
     </span>
     <span class='ocr_line' id='line_1_11' title="bbox 314 895 1720 949; baseline 0.001 -15"><span class='ocrx_word' id='word_1_89' title='bbox 314 896 504 935; x_wconf 86' lang='lat' dir='ltr'>sententia</span> <span class='ocrx_word' id='word_1_90' title='bbox 537 895 692 947; x_wconf 69' lang='lat' dir='ltr'>priore?</span> <span class='ocrx_word' id='word_1_91' title='bbox 725 897 881 936; x_wconf 85' lang='lat' dir='ltr'>Minime</span> <span class='ocrx_word' id='word_1_92' title='bbox 902 897 1070 948; x_wconf 88' lang='lat' dir='ltr'>quidem.</span> <span class='ocrx_word' id='word_1_93' title='bbox 1116 896 1216 935; x_wconf 88' lang='lat' dir='ltr'>Num</span> <span class='ocrx_word' id='word_1_94' title='bbox 1249 897 1366 948; x_wconf 84' lang='lat' dir='ltr'>igitur</span> <span class='ocrx_word' id='word_1_95' title='bbox 1396 897 1442 941; x_wconf 88' lang='lat' dir='ltr'>is,</span> <span class='ocrx_word' id='word_1_96' title='bbox 1474 898 1540 949; x_wconf 88' lang='lat' dir='ltr'>qui</span> <span class='ocrx_word' id='word_1_97' title='bbox 1570 898 1609 936; x_wconf 90' lang='lat' dir='ltr'>in</span> <span class='ocrx_word' id='word_1_98' title='bbox 1633 899 1720 937; x_wconf 84' lang='lat' dir='ltr'>Ant.</span> 
     </span>
     <span class='ocr_line' id='line_1_12' title="bbox 314 964 1721 1018; baseline 0.001 -15"><span class='ocrx_word' id='word_1_99' title='bbox 314 965 370 1003; x_wconf 86' lang='lat' dir='ltr'>vel</span> <span class='ocrx_word' id='word_1_100' title='bbox 401 965 482 1004; x_wconf 90' lang='lat' dir='ltr'>eius</span> <span class='ocrx_word' id='word_1_101' title='bbox 514 972 671 1016; x_wconf 87' lang='lat' dir='ltr'>parente</span> <span class='ocrx_word' id='word_1_102' title='bbox 702 965 773 1005; x_wconf 88' lang='lat' dir='ltr'>ista</span> <span class='ocrx_word' id='word_1_103' title='bbox 806 966 1056 1017; x_wconf 80' lang='lat' dir='ltr'>interpolasse</span> <span class='ocrx_word' id='word_1_104' title='bbox 1084 964 1246 1011; x_wconf 75' lang='lat' dir='ltr'>videtur,</span> <span class='ocrx_word' id='word_1_105' title='bbox 1279 965 1329 1004; x_wconf 87' lang='lat' dir='ltr'>ita</span> <span class='ocrx_word' id='word_1_106' title='bbox 1361 978 1491 1005; x_wconf 88' lang='lat' dir='ltr'>secum</span> <span class='ocrx_word' id='word_1_107' title='bbox 1525 966 1721 1018; x_wconf 85' lang='lat' dir='ltr'>cogitavit:</span> 
     </span>
     <span class='ocr_line' id='line_1_13' title="bbox 317 1033 1720 1087; baseline 0.001 -16"><span class='ocrx_word' id='word_1_108' title='bbox 317 1033 428 1079; x_wconf 75' lang='lat' dir='ltr'>‘Quid</span> <span class='ocrx_word' id='word_1_109' title='bbox 462 1034 533 1073; x_wconf 89' lang='lat' dir='ltr'>boc</span> <span class='ocrx_word' id='word_1_110' title='bbox 564 1034 646 1073; x_wconf 89' lang='lat' dir='ltr'>loco</span> <span class='ocrx_word' id='word_1_111' title='bbox 678 1034 749 1073; x_wconf 87' lang='lat' dir='ltr'>ista</span> <span class='ocrx_word' id='word_1_112' title='bbox 783 1035 894 1073; x_wconf 79' lang='lat' dir='ltr'>verba</span> <span class='ocrx_word' id='word_1_113' title='bbox 918 1042 1113 1087; x_wconf 79' lang='lat' dir='ltr'>postquam</span> <span class='ocrx_word' id='word_1_114' title='bbox 1136 1036 1235 1073; x_wconf 74' lang='lat' dir='ltr'>misit</span> <span class='ocrx_word' id='word_1_115' title='bbox 1257 1034 1370 1073; x_wconf 75' lang='lat' dir='ltr'>libros</span> <span class='ocrx_word' id='word_1_116' title='bbox 1392 1034 1463 1072; x_wconf 91' lang='lat' dir='ltr'>sibi</span> <span class='ocrx_word' id='word_1_117' title='bbox 1486 1035 1613 1084; x_wconf 84' lang='lat' dir='ltr'>velint,</span> <span class='ocrx_word' id='word_1_118' title='bbox 1643 1047 1720 1074; x_wconf 88' lang='lat' dir='ltr'>non</span> 
     </span>
     <span class='ocr_line' id='line_1_14' title="bbox 312 1101 1721 1154; baseline 0.001 -14"><span class='ocrx_word' id='word_1_119' title='bbox 312 1101 512 1152; x_wconf 81' lang='lat' dir='ltr'>intelleg03</span> <span class='ocrx_word' id='word_1_120' title='bbox 561 1102 683 1141; x_wconf 87' lang='lat' dir='ltr'>multo</span> <span class='ocrx_word' id='word_1_121' title='bbox 731 1102 861 1141; x_wconf 89' lang='lat' dir='ltr'>minus</span> <span class='ocrx_word' id='word_1_122' title='bbox 906 1102 1096 1153; x_wconf 82' lang='lat' dir='ltr'>intellego,</span> <span class='ocrx_word' id='word_1_123' title='bbox 1142 1103 1232 1153; x_wconf 86' lang='lat' dir='ltr'>quid</span> <span class='ocrx_word' id='word_1_124' title='bbox 1270 1116 1311 1141; x_wconf 84' lang='lat' dir='ltr'>ea</span> <span class='ocrx_word' id='word_1_125' title='bbox 1351 1104 1510 1149; x_wconf 84' lang='lat' dir='ltr'>valeant,</span> <span class='ocrx_word' id='word_1_126' title='bbox 1556 1104 1721 1154; x_wconf 86' lang='lat' dir='ltr'>quaein</span> 
     </span>
     <span class='ocr_line' id='line_1_15' title="bbox 315 1170 1721 1223; baseline 0.001 -15"><span class='ocrx_word' id='word_1_127' title='bbox 315 1170 386 1209; x_wconf 89' lang='lat' dir='ltr'>boc</span> <span class='ocrx_word' id='word_1_128' title='bbox 417 1171 538 1209; x_wconf 84' lang='lat' dir='ltr'>altero</span> <span class='ocrx_word' id='word_1_129' title='bbox 570 1170 698 1209; x_wconf 91' lang='lat' dir='ltr'>codice</span> <span class='ocrx_word' id='word_1_130' title='bbox 721 1171 884 1222; x_wconf 83' lang='lat' dir='ltr'>reperio.</span> <span class='ocrx_word' id='word_1_131' title='bbox 915 1178 1106 1223; x_wconf 74' lang='lat' dir='ltr'>postquam</span> <span class='ocrx_word' id='word_1_132' title='bbox 1137 1174 1183 1210; x_wconf 71' lang='lat' dir='ltr'>sit</span> <span class='ocrx_word' id='word_1_133' title='bbox 1212 1171 1280 1210; x_wconf 76' lang='lat' dir='ltr'>tibi</span> <span class='ocrx_word' id='word_1_134' title='bbox 1301 1171 1434 1210; x_wconf 68' lang='lat' dir='ltr'>libros:</span> <span class='ocrx_word' id='word_1_135' title='bbox 1466 1172 1530 1211; x_wconf 88' lang='lat' dir='ltr'>sed</span> <span class='ocrx_word' id='word_1_136' title='bbox 1553 1172 1721 1223; x_wconf 89' lang='lat' dir='ltr'>priorem</span> 
     </span>
     <span class='ocr_line' id='line_1_16' title="bbox 313 1238 1721 1291; baseline 0.002 -15"><span class='ocrx_word' id='word_1_137' title='bbox 313 1238 516 1277; x_wconf 88' lang='lat' dir='ltr'>lectionem</span> <span class='ocrx_word' id='word_1_138' title='bbox 557 1239 751 1285; x_wconf 84' lang='lat' dir='ltr'>radamus,</span> <span class='ocrx_word' id='word_1_139' title='bbox 797 1240 1049 1290; x_wconf 88' lang='lat' dir='ltr'>posteriorem</span> <span class='ocrx_word' id='word_1_140' title='bbox 1082 1240 1312 1286; x_wconf 86' lang='lat' dir='ltr'>inseramus,</span> <span class='ocrx_word' id='word_1_141' title='bbox 1357 1240 1429 1279; x_wconf 86' lang='lat' dir='ltr'>etsi</span> <span class='ocrx_word' id='word_1_142' title='bbox 1460 1239 1539 1291; x_wconf 88' lang='lat' dir='ltr'>ipse</span> <span class='ocrx_word' id='word_1_143' title='bbox 1571 1253 1640 1279; x_wconf 88' lang='lat' dir='ltr'>cur</span> <span class='ocrx_word' id='word_1_144' title='bbox 1671 1241 1721 1279; x_wconf 85' lang='lat' dir='ltr'>ita</span> 
     </span>
     <span class='ocr_line' id='line_1_17' title="bbox 315 1306 1720 1360; baseline 0.001 -16"><span class='ocrx_word' id='word_1_145' title='bbox 315 1306 407 1344; x_wconf 81' lang='lat' dir='ltr'>mihi</span> <span class='ocrx_word' id='word_1_146' title='bbox 440 1307 655 1345; x_wconf 86' lang='lat' dir='ltr'>faciendum</span> <span class='ocrx_word' id='word_1_147' title='bbox 694 1320 777 1346; x_wconf 88' lang='lat' dir='ltr'>esse</span> <span class='ocrx_word' id='word_1_148' title='bbox 819 1315 950 1359; x_wconf 90' lang='lat' dir='ltr'>putem</span> <span class='ocrx_word' id='word_1_149' title='bbox 991 1307 1162 1347; x_wconf 72' lang='lat' dir='ltr'>nescio&#39;?</span> <span class='ocrx_word' id='word_1_150' title='bbox 1214 1308 1350 1348; x_wconf 83' lang='lat' dir='ltr'>Credat</span> <span class='ocrx_word' id='word_1_151' title='bbox 1381 1308 1544 1347; x_wconf 87' lang='lat' dir='ltr'>Iudaeus</span> <span class='ocrx_word' id='word_1_152' title='bbox 1573 1307 1720 1360; x_wconf 83' lang='lat' dir='ltr'>Apella!</span> 
     </span>
     <span class='ocr_line' id='line_1_18' title="bbox 315 1374 1720 1428; baseline 0.003 -16"><span class='ocrx_word' id='word_1_153' title='bbox 315 1396 368 1401; x_wconf 86' lang='grc'>-</span> <span class='ocrx_word' id='word_1_154' title='bbox 399 1374 484 1412; x_wconf 78' lang='lat' dir='ltr'>Xlll</span> <span class='ocrx_word' id='word_1_155' title='bbox 507 1374 572 1419; x_wconf 79' lang='lat'>21,</span> <span class='ocrx_word' id='word_1_156' title='bbox 598 1376 620 1413; x_wconf 80' lang='lat'>5</span> <span class='ocrx_word' id='word_1_157' title='bbox 653 1375 687 1414; x_wconf 82' lang='lat' dir='ltr'>M</span> <span class='ocrx_word' id='word_1_158' title='bbox 736 1388 826 1426; x_wconf 85' lang='lat' dir='ltr'>prae</span> <span class='ocrx_word' id='word_1_159' title='bbox 869 1389 908 1415; x_wconf 91' lang='lat' dir='ltr'>se</span> <span class='ocrx_word' id='word_1_160' title='bbox 947 1378 1019 1416; x_wconf 79' lang='lat' dir='ltr'>fert</span> <span class='ocrx_word' id='word_1_161' title='bbox 1046 1389 1197 1428; x_wconf 73' lang='lat' dir='ltr'>possum</span> <span class='ocrx_word' id='word_1_162' title='bbox 1226 1377 1318 1428; x_wconf 67' lang='lat' dir='ltr'>satta·</span> <span class='ocrx_word' id='word_1_163' title='bbox 1345 1384 1386 1415; x_wconf 81' lang='lat' dir='ltr'>ut</span> <span class='ocrx_word' id='word_1_164' title='bbox 1416 1377 1607 1416; x_wconf 73' lang='lat' dir='ltr'>humanus</span> <span class='ocrx_word' id='word_1_165' title='bbox 1638 1390 1720 1416; x_wconf 81' lang='lat' dir='ltr'>eam</span> 
     </span>
     <span class='ocr_line' id='line_1_19' title="bbox 314 1443 1720 1497; baseline 0.002 -16"><span class='ocrx_word' id='word_1_166' title='bbox 314 1454 388 1481; x_wconf 82' lang='lat' dir='ltr'>nou</span> <span class='ocrx_word' id='word_1_167' title='bbox 433 1443 584 1490; x_wconf 73' lang='lat' dir='ltr'>Imber33</span> <span class='ocrx_word' id='word_1_168' title='bbox 630 1456 708 1483; x_wconf 88' lang='lat' dir='ltr'>non</span> <span class='ocrx_word' id='word_1_169' title='bbox 755 1450 857 1483; x_wconf 82' lang='lat' dir='ltr'>recta</span> <span class='ocrx_word' id='word_1_170' title='bbox 902 1452 961 1484; x_wconf 88' lang='lat' dir='ltr'>est</span> <span class='ocrx_word' id='word_1_171' title='bbox 1005 1447 1076 1485; x_wconf 85' lang='lat' dir='ltr'>ista</span> <span class='ocrx_word' id='word_1_172' title='bbox 1119 1447 1321 1492; x_wconf 90' lang='lat' dir='ltr'>sententia,</span> <span class='ocrx_word' id='word_1_173' title='bbox 1366 1458 1491 1497; x_wconf 87' lang='lat' dir='ltr'>neque</span> <span class='ocrx_word' id='word_1_174' title='bbox 1523 1458 1612 1484; x_wconf 81' lang='lat' dir='ltr'>vero</span> <span class='ocrx_word' id='word_1_175' title='bbox 1645 1452 1720 1484; x_wconf 88' lang='lat' dir='ltr'>tam</span> 
     </span>
     <span class='ocr_line' id='line_1_20' title="bbox 315 1512 1720 1565; baseline 0.001 -16"><span class='ocrx_word' id='word_1_176' title='bbox 315 1523 491 1562; x_wconf 82' lang='lat' dir='ltr'>perversa</span> <span class='ocrx_word' id='word_1_177' title='bbox 543 1518 586 1551; x_wconf 91' lang='lat' dir='ltr'>ut</span> <span class='ocrx_word' id='word_1_178' title='bbox 635 1512 760 1563; x_wconf 81' lang='lat' dir='ltr'>quivis</span> <span class='ocrx_word' id='word_1_179' title='bbox 810 1513 1066 1564; x_wconf 85' lang='lat' dir='ltr'>corruptelam</span> <span class='ocrx_word' id='word_1_180' title='bbox 1120 1514 1320 1559; x_wconf 80' lang='lat' dir='ltr'>odoretur;</span> <span class='ocrx_word' id='word_1_181' title='bbox 1372 1527 1496 1565; x_wconf 88' lang='lat' dir='ltr'>neque</span> <span class='ocrx_word' id='word_1_182' title='bbox 1545 1526 1585 1552; x_wconf 89' lang='lat' dir='ltr'>re</span> <span class='ocrx_word' id='word_1_183' title='bbox 1635 1527 1720 1552; x_wconf 69' lang='lat' dir='ltr'>vera</span> 
     </span>
     <span class='ocr_line' id='line_1_21' title="bbox 314 1579 1721 1634; baseline 0.002 -17"><span class='ocrx_word' id='word_1_184' title='bbox 314 1579 375 1624; x_wconf 84' lang='lat' dir='ltr'>A¹,</span> <span class='ocrx_word' id='word_1_185' title='bbox 398 1580 458 1624; x_wconf 50' lang='grc' dir='ltr'>Αἵ,</span> <span class='ocrx_word' id='word_1_186' title='bbox 482 1592 501 1618; x_wconf 89' lang='lat' dir='ltr'>c</span> <span class='ocrx_word' id='word_1_187' title='bbox 547 1581 724 1620; x_wconf 86' lang='lat' dir='ltr'>odoratae</span> <span class='ocrx_word' id='word_1_188' title='bbox 758 1588 867 1627; x_wconf 82' lang='lat' dir='ltr'>sunt,</span> <span class='ocrx_word' id='word_1_189' title='bbox 905 1582 943 1620; x_wconf 91' lang='lat' dir='ltr'>in</span> <span class='ocrx_word' id='word_1_190' title='bbox 976 1582 1116 1633; x_wconf 88' lang='lat' dir='ltr'>quibus</span> <span class='ocrx_word' id='word_1_191' title='bbox 1147 1583 1218 1622; x_wconf 85' lang='lat' dir='ltr'>ista</span> <span class='ocrx_word' id='word_1_192' title='bbox 1250 1583 1331 1634; x_wconf 86' lang='lat' dir='ltr'>ipsa</span> <span class='ocrx_word' id='word_1_193' title='bbox 1363 1582 1474 1621; x_wconf 81' lang='lat' dir='ltr'>verba</span> <span class='ocrx_word' id='word_1_194' title='bbox 1507 1589 1721 1621; x_wconf 86' lang='lat' dir='ltr'>servantur.</span> 
     </span>
     <span class='ocr_line' id='line_1_22' title="bbox 315 1647 1722 1702; baseline 0.001 -16"><span class='ocrx_word' id='word_1_195' title='bbox 315 1647 388 1686; x_wconf 88' lang='lat' dir='ltr'>Sed</span> <span class='ocrx_word' id='word_1_196' title='bbox 421 1648 491 1691; x_wconf 79' lang='lat' dir='ltr'>fac,</span> <span class='ocrx_word' id='word_1_197' title='bbox 522 1648 686 1699; x_wconf 85' lang='lat' dir='ltr'>aliquem</span> <span class='ocrx_word' id='word_1_198' title='bbox 720 1651 842 1689; x_wconf 88' lang='lat' dir='ltr'>multo</span> <span class='ocrx_word' id='word_1_199' title='bbox 865 1656 952 1689; x_wconf 85' lang='lat' dir='ltr'>ante</span> <span class='ocrx_word' id='word_1_200' title='bbox 974 1650 1204 1702; x_wconf 83' lang='lat' dir='ltr'>Malaspinae</span> <span class='ocrx_word' id='word_1_201' title='bbox 1226 1657 1389 1690; x_wconf 87' lang='lat' dir='ltr'>aetatem</span> <span class='ocrx_word' id='word_1_202' title='bbox 1413 1662 1584 1690; x_wconf 87' lang='lat' dir='ltr'>errorem</span> <span class='ocrx_word' id='word_1_203' title='bbox 1609 1650 1722 1688; x_wconf 85' lang='lat' dir='ltr'>intel-</span> 
     </span>
     <span class='ocr_line' id='line_1_23' title="bbox 314 1716 1722 1771; baseline 0.003 -18"><span class='ocrx_word' id='word_1_204' title='bbox 314 1716 467 1754; x_wconf 84' lang='lat' dir='ltr'>lexisse:</span> <span class='ocrx_word' id='word_1_205' title='bbox 490 1717 582 1766; x_wconf 87' lang='lat' dir='ltr'>quid</span> <span class='ocrx_word' id='word_1_206' title='bbox 604 1716 694 1757; x_wconf 76' lang='lat' dir='ltr'>ille?</span> <span class='ocrx_word' id='word_1_207' title='bbox 729 1719 777 1757; x_wconf 72' lang='lat' dir='ltr'>lia</span> <span class='ocrx_word' id='word_1_208' title='bbox 799 1719 837 1757; x_wconf 89' lang='lat' dir='ltr'>in</span> <span class='ocrx_word' id='word_1_209' title='bbox 862 1720 948 1758; x_wconf 77' lang='lat' dir='ltr'>Ant.</span> <span class='ocrx_word' id='word_1_210' title='bbox 971 1719 1283 1771; x_wconf 68' lang='lat' dir='ltr'>interposuisset,</span> <span class='ocrx_word' id='word_1_211' title='bbox 1305 1731 1402 1770; x_wconf 86' lang='lat' dir='ltr'>quae</span> <span class='ocrx_word' id='word_1_212' title='bbox 1424 1718 1543 1757; x_wconf 84' lang='lat' dir='ltr'>nihilo</span> <span class='ocrx_word' id='word_1_213' title='bbox 1566 1718 1722 1757; x_wconf 88' lang='lat' dir='ltr'>meliora</span> 
     </span>
     <span class='ocr_line' id='line_1_24' title="bbox 315 1786 1722 1838; baseline 0.002 -17"><span class='ocrx_word' id='word_1_214' title='bbox 315 1791 422 1823; x_wconf 82' lang='lat' dir='ltr'>sunt:</span> <span class='ocrx_word' id='word_1_215' title='bbox 471 1792 510 1823; x_wconf 85' lang='lat' dir='ltr'>ut</span> <span class='ocrx_word' id='word_1_216' title='bbox 539 1786 646 1825; x_wconf 78' lang='lat' dir='ltr'>homo</span> <span class='ocrx_word' id='word_1_217' title='bbox 678 1788 748 1826; x_wconf 67' lang='grc' dir='ltr'>ανῖε</span> <span class='ocrx_word' id='word_1_218' title='bbox 780 1800 862 1827; x_wconf 83' lang='lat' dir='ltr'>eam</span> <span class='ocrx_word' id='word_1_219' title='bbox 894 1800 970 1827; x_wconf 80' lang='lat' dir='ltr'>uon</span> <span class='ocrx_word' id='word_1_220' title='bbox 1000 1789 1148 1827; x_wconf 73' lang='lat' dir='ltr'>habere.</span> <span class='ocrx_word' id='word_1_221' title='bbox 1209 1787 1349 1838; x_wconf 87' lang='lat' dir='ltr'>Ecquis</span> <span class='ocrx_word' id='word_1_222' title='bbox 1389 1787 1439 1826; x_wconf 85' lang='lat' dir='ltr'>ita</span> <span class='ocrx_word' id='word_1_223' title='bbox 1478 1799 1566 1825; x_wconf 88' lang='lat' dir='ltr'>eum</span> <span class='ocrx_word' id='word_1_224' title='bbox 1600 1787 1722 1836; x_wconf 82' lang='lat' dir='ltr'>egisse</span> 
     </span>
     <span class='ocr_line' id='line_1_25' title="bbox 314 1850 1724 1907; baseline 0.001 -17"><span class='ocrx_word' id='word_1_225' title='bbox 314 1850 470 1891; x_wconf 78' lang='lat' dir='ltr'>credat?</span> <span class='ocrx_word' id='word_1_226' title='bbox 510 1876 562 1881; x_wconf 77' lang='lat'>--</span> <span class='ocrx_word' id='word_1_227' title='bbox 605 1855 669 1893; x_wconf 84' lang='lat' dir='ltr'>XV</span> <span class='ocrx_word' id='word_1_228' title='bbox 692 1855 755 1902; x_wconf 79' lang='lat'>20,</span> <span class='ocrx_word' id='word_1_229' title='bbox 782 1857 806 1894; x_wconf 83' lang='lat'>4</span> <span class='ocrx_word' id='word_1_230' title='bbox 837 1858 899 1896; x_wconf 79' lang='lat' dir='ltr'>sed</span> <span class='ocrx_word' id='word_1_231' title='bbox 929 1857 970 1895; x_wconf 67' lang='lat' dir='ltr'>zu</span> <span class='ocrx_word' id='word_1_232' title='bbox 1001 1869 1048 1895; x_wconf 67' lang='lat' dir='ltr'>ex</span> <span class='ocrx_word' id='word_1_233' title='bbox 1073 1858 1226 1907; x_wconf 73' lang='lat' dir='ltr'>praedis</span> <span class='ocrx_word' id='word_1_234' title='bbox 1262 1863 1302 1894; x_wconf 89' lang='lat' dir='ltr'>ut</span> <span class='ocrx_word' id='word_1_235' title='bbox 1344 1856 1446 1894; x_wconf 81' lang='lat' dir='ltr'>cadet</span> <span class='ocrx_word' id='word_1_236' title='bbox 1475 1857 1529 1894; x_wconf 74' lang='lat' dir='ltr'>ita</span> <span class='ocrx_word' id='word_1_237' title='bbox 1559 1854 1724 1893; x_wconf 77' lang='lat' dir='ltr'>solvetur</span> 
     </span>
     <span class='ocr_line' id='line_1_26' title="bbox 315 1920 1719 1975; baseline 0.002 -18"><span class='ocrx_word' id='word_1_238' title='bbox 315 1920 352 1958; x_wconf 89' lang='lat' dir='ltr'>in</span> <span class='ocrx_word' id='word_1_239' title='bbox 392 1921 426 1958; x_wconf 83' lang='lat' dir='ltr'>M</span> <span class='ocrx_word' id='word_1_240' title='bbox 464 1921 649 1973; x_wconf 86' lang='lat' dir='ltr'>scriptum</span> <span class='ocrx_word' id='word_1_241' title='bbox 696 1924 911 1970; x_wconf 81' lang='lat' dir='ltr'>invenitur3</span> <span class='ocrx_word' id='word_1_242' title='bbox 955 1925 994 1963; x_wconf 66' lang='lat' dir='ltr'>ist</span> <span class='ocrx_word' id='word_1_243' title='bbox 1032 1925 1144 1975; x_wconf 89' lang='lat' dir='ltr'>paulo</span> <span class='ocrx_word' id='word_1_244' title='bbox 1184 1923 1384 1962; x_wconf 88' lang='lat' dir='ltr'>obscurius</span> <span class='ocrx_word' id='word_1_245' title='bbox 1421 1929 1481 1961; x_wconf 88' lang='lat' dir='ltr'>est</span> <span class='ocrx_word' id='word_1_246' title='bbox 1516 1927 1554 1960; x_wconf 86' lang='lat' dir='ltr'>et</span> <span class='ocrx_word' id='word_1_247' title='bbox 1591 1928 1719 1961; x_wconf 89' lang='lat' dir='ltr'>tamen</span> 
     </span>
     <span class='ocr_line' id='line_1_27' title="bbox 315 1990 1721 2043; baseline 0.002 -17"><span class='ocrx_word' id='word_1_248' title='bbox 315 2000 422 2026; x_wconf 90' lang='lat' dir='ltr'>error</span> <span class='ocrx_word' id='word_1_249' title='bbox 457 1996 515 2028; x_wconf 86' lang='lat' dir='ltr'>est</span> <span class='ocrx_word' id='word_1_250' title='bbox 552 1996 629 2028; x_wconf 87' lang='lat' dir='ltr'>tam</span> <span class='ocrx_word' id='word_1_251' title='bbox 665 1992 900 2037; x_wconf 85' lang='lat' dir='ltr'>reconditus,</span> <span class='ocrx_word' id='word_1_252' title='bbox 938 1999 980 2031; x_wconf 85' lang='lat' dir='ltr'>ut</span> <span class='ocrx_word' id='word_1_253' title='bbox 1010 1992 1118 2030; x_wconf 89' lang='lat' dir='ltr'>facile</span> <span class='ocrx_word' id='word_1_254' title='bbox 1140 1992 1253 2030; x_wconf 85' lang='lat' dir='ltr'>etiam</span> <span class='ocrx_word' id='word_1_255' title='bbox 1277 1990 1568 2043; x_wconf 86' lang='lat' dir='ltr'>prudentiorem</span> <span class='ocrx_word' id='word_1_256' title='bbox 1593 1991 1721 2030; x_wconf 88' lang='lat' dir='ltr'>homi-</span> 
     </span>
     <span class='ocr_line' id='line_1_28' title="bbox 315 2057 1722 2110; baseline 0.003 -16"><span class='ocrx_word' id='word_1_257' title='bbox 315 2069 402 2094; x_wconf 88' lang='lat' dir='ltr'>nem</span> <span class='ocrx_word' id='word_1_258' title='bbox 436 2057 567 2108; x_wconf 83' lang='lat' dir='ltr'>fugiat.</span> <span class='ocrx_word' id='word_1_259' title='bbox 630 2058 656 2096; x_wconf 88' lang='lat' dir='ltr'>F</span> <span class='ocrx_word' id='word_1_260' title='bbox 701 2072 790 2098; x_wconf 88' lang='lat' dir='ltr'>vero</span> <span class='ocrx_word' id='word_1_261' title='bbox 835 2060 927 2110; x_wconf 89' lang='lat' dir='ltr'>qnid</span> <span class='ocrx_word' id='word_1_262' title='bbox 973 2057 1115 2099; x_wconf 74' lang='lat' dir='ltr'>babet?</span> <span class='ocrx_word' id='word_1_263' title='bbox 1161 2061 1223 2099; x_wconf 80' lang='lat' dir='ltr'>sed</span> <span class='ocrx_word' id='word_1_264' title='bbox 1267 2059 1348 2107; x_wconf 59' lang='grc' dir='ltr'>ΒΝ)</span> <span class='ocrx_word' id='word_1_265' title='bbox 1381 2072 1428 2099; x_wconf 67' lang='lat' dir='ltr'>ea}</span> <span class='ocrx_word' id='word_1_266' title='bbox 1564 2063 1617 2099; x_wconf 79' lang='lat' dir='ltr'>ita</span> <span class='ocrx_word' id='word_1_267' title='bbox 1646 2059 1722 2099; x_wconf 88' lang='lat' dir='ltr'>sol-</span> 
     </span>
     <span class='ocr_line' id='line_1_29' title="bbox 314 2125 1720 2179; baseline 0.005 -19"><span class='ocrx_word' id='word_1_268' title='bbox 314 2132 432 2164; x_wconf 80' lang='lat' dir='ltr'>vetur.</span> <span class='ocrx_word' id='word_1_269' title='bbox 496 2125 525 2163; x_wconf 90' lang='lat' dir='ltr'>O</span> <span class='ocrx_word' id='word_1_270' title='bbox 559 2126 754 2165; x_wconf 89' lang='lat' dir='ltr'>hominem</span> <span class='ocrx_word' id='word_1_271' title='bbox 788 2128 1030 2179; x_wconf 81' lang='lat' dir='ltr'>prudentem,</span> <span class='ocrx_word' id='word_1_272' title='bbox 1078 2128 1144 2178; x_wconf 87' lang='lat' dir='ltr'>qui</span> <span class='ocrx_word' id='word_1_273' title='bbox 1190 2140 1231 2166; x_wconf 85' lang='lat' dir='ltr'>ea</span> <span class='ocrx_word' id='word_1_274' title='bbox 1278 2127 1444 2179; x_wconf 84' lang='lat' dir='ltr'>corrigat</span> <span class='ocrx_word' id='word_1_275' title='bbox 1483 2141 1579 2179; x_wconf 86' lang='lat' dir='ltr'>quae</span> <span class='ocrx_word' id='word_1_276' title='bbox 1610 2141 1720 2179; x_wconf 85' lang='lat' dir='ltr'>aegre</span> 
     </span>
     <span class='ocr_line' id='line_1_30' title="bbox 314 2192 1721 2248; baseline 0.004 -18"><span class='ocrx_word' id='word_1_277' title='bbox 314 2192 596 2243; x_wconf 81' lang='lat' dir='ltr'>intellegantur,</span> <span class='ocrx_word' id='word_1_278' title='bbox 631 2194 666 2233; x_wconf 94' lang='lat' dir='ltr'>id</span> <span class='ocrx_word' id='word_1_279' title='bbox 695 2194 913 2246; x_wconf 84' lang='lat' dir='ltr'>interpolet,</span> <span class='ocrx_word' id='word_1_280' title='bbox 945 2197 1045 2247; x_wconf 88' lang='lat' dir='ltr'>quod</span> <span class='ocrx_word' id='word_1_281' title='bbox 1069 2209 1116 2235; x_wconf 90' lang='lat' dir='ltr'>ne</span> <span class='ocrx_word' id='word_1_282' title='bbox 1138 2196 1351 2247; x_wconf 79' lang='lat' dir='ltr'>aegerritne</span> <span class='ocrx_word' id='word_1_283' title='bbox 1372 2197 1527 2248; x_wconf 88' lang='lat' dir='ltr'>quidem</span> <span class='ocrx_word' id='word_1_284' title='bbox 1551 2197 1721 2247; x_wconf 79' lang='lat' dir='ltr'>intellegi</span> 
     </span>
     <span class='ocr_line' id='line_1_31' title="bbox 314 2261 1719 2312; baseline 0.004 -14"><span class='ocrx_word' id='word_1_285' title='bbox 314 2261 446 2311; x_wconf 86' lang='lat' dir='ltr'>possit.</span> <span class='ocrx_word' id='word_1_286' title='bbox 482 2285 529 2288; x_wconf 48' lang='grc' dir='ltr'><em>ω</em></span> <span class='ocrx_word' id='word_1_287' title='bbox 564 2263 614 2301; x_wconf 84' lang='lat' dir='ltr'>IX</span> <span class='ocrx_word' id='word_1_288' title='bbox 637 2264 673 2308; x_wconf 84' lang='lat'>9,</span> <span class='ocrx_word' id='word_1_289' title='bbox 697 2264 721 2301; x_wconf 77' lang='lat'>4</span> <span class='ocrx_word' id='word_1_290' title='bbox 754 2264 918 2303; x_wconf 73' lang='lat' dir='ltr'>delicium</span> <span class='ocrx_word' id='word_1_291' title='bbox 949 2272 1007 2303; x_wconf 89' lang='lat' dir='ltr'>est</span> <span class='ocrx_word' id='word_1_292' title='bbox 1038 2265 1076 2303; x_wconf 89' lang='lat' dir='ltr'>in</span> <span class='ocrx_word' id='word_1_293' title='bbox 1110 2264 1157 2305; x_wconf 81' lang='lat' dir='ltr'>M.</span> <span class='ocrx_word' id='word_1_294' title='bbox 1190 2265 1228 2303; x_wconf 88' lang='lat' dir='ltr'>in</span> <span class='ocrx_word' id='word_1_295' title='bbox 1260 2266 1362 2311; x_wconf 85' lang='lat' dir='ltr'>Ant.,</span> <span class='ocrx_word' id='word_1_296' title='bbox 1392 2265 1432 2312; x_wconf 87' lang='lat' dir='ltr'>F,</span> <span class='ocrx_word' id='word_1_297' title='bbox 1464 2265 1586 2312; x_wconf 88' lang='lat' dir='ltr'>Card.,</span> <span class='ocrx_word' id='word_1_298' title='bbox 1619 2265 1719 2304; x_wconf 74' lang='lat' dir='ltr'>Matr.</span> 
     </span>
     <span class='ocr_line' id='line_1_32' title="bbox 314 2329 1718 2385; baseline 0.004 -19"><span class='ocrx_word' id='word_1_299' title='bbox 314 2329 506 2368; x_wconf 75' lang='lat' dir='ltr'>delituunt.</span> <span class='ocrx_word' id='word_1_300' title='bbox 567 2331 709 2370; x_wconf 88' lang='lat' dir='ltr'>Neutra</span> <span class='ocrx_word' id='word_1_301' title='bbox 742 2339 799 2371; x_wconf 88' lang='lat' dir='ltr'>est</span> <span class='ocrx_word' id='word_1_302' title='bbox 832 2346 916 2372; x_wconf 87' lang='lat' dir='ltr'>vera</span> <span class='ocrx_word' id='word_1_303' title='bbox 948 2333 1079 2372; x_wconf 89' lang='lat' dir='ltr'>lectio:</span> <span class='ocrx_word' id='word_1_304' title='bbox 1126 2334 1216 2384; x_wconf 83' lang='lat' dir='ltr'>quid</span> <span class='ocrx_word' id='word_1_305' title='bbox 1251 2346 1339 2373; x_wconf 83' lang='lat' dir='ltr'>vero</span> <span class='ocrx_word' id='word_1_306' title='bbox 1370 2334 1416 2382; x_wconf 89' lang='lat' dir='ltr'>is,</span> <span class='ocrx_word' id='word_1_307' title='bbox 1453 2334 1519 2385; x_wconf 90' lang='lat' dir='ltr'>qui</span> <span class='ocrx_word' id='word_1_308' title='bbox 1551 2333 1718 2373; x_wconf 74' lang='lat' dir='ltr'>clelitz&#39;um</span> 
     </span>
     <span class='ocr_line' id='line_1_33' title="bbox 314 2397 1719 2452; baseline 0.004 -18"><span class='ocrx_word' id='word_1_309' title='bbox 314 2397 464 2444; x_wconf 83' lang='lat' dir='ltr'>delevit,</span> <span class='ocrx_word' id='word_1_310' title='bbox 498 2398 678 2438; x_wconf 73' lang='lat' dir='ltr'>delituunt</span> <span class='ocrx_word' id='word_1_311' title='bbox 708 2399 965 2452; x_wconf 81' lang='lat' dir='ltr'>interpolavit,</span> <span class='ocrx_word' id='word_1_312' title='bbox 997 2401 1035 2439; x_wconf 94' lang='lat' dir='ltr'>in</span> <span class='ocrx_word' id='word_1_313' title='bbox 1067 2401 1196 2440; x_wconf 90' lang='lat' dir='ltr'>animo</span> <span class='ocrx_word' id='word_1_314' title='bbox 1230 2402 1408 2442; x_wconf 89' lang='lat' dir='ltr'>habuisse</span> <span class='ocrx_word' id='word_1_315' title='bbox 1440 2400 1622 2441; x_wconf 74' lang='lat' dir='ltr'>videtur?</span> <span class='ocrx_word' id='word_1_316' title='bbox 1662 2403 1719 2440; x_wconf 85' lang='lat' dir='ltr'>An</span> 
     </span>
     <span class='ocr_line' id='line_1_34' title="bbox 312 2464 1719 2522; baseline 0.004 -20"><span class='ocrx_word' id='word_1_317' title='bbox 312 2464 350 2503; x_wconf 90' lang='lat' dir='ltr'>id</span> <span class='ocrx_word' id='word_1_318' title='bbox 389 2466 595 2516; x_wconf 71' lang='lat' dir='ltr'>spectavit,</span> <span class='ocrx_word' id='word_1_319' title='bbox 635 2474 695 2514; x_wconf 89' lang='lat' dir='ltr'>ut,</span> <span class='ocrx_word' id='word_1_320' title='bbox 739 2467 771 2506; x_wconf 88' lang='lat' dir='ltr'>si</span> <span class='ocrx_word' id='word_1_321' title='bbox 808 2468 894 2519; x_wconf 88' lang='lat' dir='ltr'>quis</span> <span class='ocrx_word' id='word_1_322' title='bbox 927 2469 1070 2508; x_wconf 90' lang='lat' dir='ltr'>maiore</span> <span class='ocrx_word' id='word_1_323' title='bbox 1102 2470 1303 2521; x_wconf 86' lang='lat' dir='ltr'>prudentia</span> <span class='ocrx_word' id='word_1_324' title='bbox 1335 2478 1450 2522; x_wconf 87' lang='lat' dir='ltr'>atque</span> <span class='ocrx_word' id='word_1_325' title='bbox 1481 2471 1535 2510; x_wconf 87' lang='lat' dir='ltr'>rei</span> <span class='ocrx_word' id='word_1_326' title='bbox 1566 2470 1719 2509; x_wconf 88' lang='lat' dir='ltr'>criticae</span> 
     </span>
     <span class='ocr_line' id='line_1_35' title="bbox 314 2533 1719 2590; baseline 0.005 -20"><span class='ocrx_word' id='word_1_327' title='bbox 314 2533 448 2583; x_wconf 85' lang='lat' dir='ltr'>peritia</span> <span class='ocrx_word' id='word_1_328' title='bbox 480 2534 693 2574; x_wconf 86' lang='lat' dir='ltr'>instructus</span> <span class='ocrx_word' id='word_1_329' title='bbox 723 2536 974 2583; x_wconf 85' lang='lat' dir='ltr'>inveniretur,</span> <span class='ocrx_word' id='word_1_330' title='bbox 1006 2551 1050 2577; x_wconf 92' lang='lat' dir='ltr'>eo</span> <span class='ocrx_word' id='word_1_331' title='bbox 1079 2538 1227 2578; x_wconf 82' lang='lat' dir='ltr'>facilius</span> <span class='ocrx_word' id='word_1_332' title='bbox 1249 2539 1336 2579; x_wconf 66' lang='lat' dir='ltr'>Dela·</span> <span class='ocrx_word' id='word_1_333' title='bbox 1353 2547 1458 2578; x_wconf 82' lang='lat' dir='ltr'>tuum</span> <span class='ocrx_word' id='word_1_334' title='bbox 1481 2537 1719 2590; x_wconf 71' lang='lat' dir='ltr'>corrigeret?</span> 
     </span>
    </p>
   </div>
   <div class='ocr_carea' id='block_1_3' title="bbox 404 2677 1475 2722">
    <p class='ocr_par' dir='ltr' id='par_1_3' title="bbox 404 2677 1475 2722">
     <span class='ocr_line' id='line_1_36' title="bbox 404 2677 1475 2722; baseline 0.006 -14"><span class='ocrx_word' id='word_1_335' title='bbox 404 2678 432 2716; x_wconf 65' lang='lat' dir='ltr'>*l</span> <span class='ocrx_word' id='word_1_336' title='bbox 459 2677 558 2709; x_wconf 83' lang='lat' dir='ltr'>Recte</span> <span class='ocrx_word' id='word_1_337' title='bbox 585 2689 624 2710; x_wconf 79' lang='lat' dir='ltr'>ex</span> <span class='ocrx_word' id='word_1_338' title='bbox 650 2682 680 2710; x_wconf 76' lang='lat' dir='ltr'>et</span> <span class='ocrx_word' id='word_1_339' title='bbox 705 2689 750 2710; x_wconf 74' lang='lat' dir='ltr'>0oe</span> <span class='ocrx_word' id='word_1_340' title='bbox 775 2680 959 2722; x_wconf 80' lang='lat' dir='ltr'>Malaspina</span> <span class='ocrx_word' id='word_1_341' title='bbox 986 2684 1016 2712; x_wconf 78' lang='lat' dir='ltr'>el</span> <span class='ocrx_word' id='word_1_342' title='bbox 1040 2693 1083 2713; x_wconf 61' lang='grc'><em>(3.1·</em></span> <span class='ocrx_word' id='word_1_343' title='bbox 1111 2684 1243 2715; x_wconf 81' lang='lat' dir='ltr'>videtur</span> <span class='ocrx_word' id='word_1_344' title='bbox 1270 2684 1475 2716; x_wconf 81' lang='lat' dir='ltr'>restituisse.</span> 
     </span>
    </p>
   </div>
  </div>
 </body>
</html>
