1821 3077
731 174 1141 214 —12—

236 295 304 333 XII
326 295 390 340 27,
416 293 438 331 2
465 299 703 344 permutetur
723 292 755 330 I:
787 295 1026 343 permittetur
1048 291 1095 330 M.
1129 315 1181 320 —-
1205 292 1272 330 XII
1294 293 1359 339 40,
1383 292 1406 329 4
1437 292 1640 342 fabriano:

237 364 342 403 modo
374 375 432 401 res
463 361 498 400 1:
530 363 680 413 faberia
711 373 800 400 nam
831 362 961 400 odores
993 360 1049 399 M:
1082 360 1295 400 Faberiano
1324 361 1433 400 modo
1464 372 1523 400 res
1554 372 1641 399 vera

235 440 293 472 est
322 430 447 470 lectio.
486 454 537 457 fl
580 430 649 468 XII
672 429 736 477 -12,
765 431 781 468 1
816 436 866 468 est
897 436 962 467 aut
992 429 1024 467 I:
1058 436 1176 469 estant
1206 429 1255 468 M.
1288 452 1340 458 ——
1371 429 1441 468 XII
1463 429 1528 476 49,
1551 428 1575 467 2
1609 429 1642 468 Ο

235 510 402 553 tempora
432 500 463 538 I:
498 499 710 550 obtempera
733 498 780 537 M.
814 520 867 525 -—
888 497 975 536 XIII
1001 499 1034 544 1,
1060 498 1082 537 3
1114 510 1199 538 anzo
1231 505 1342 550 atque
1372 498 1409 536 1:
1441 506 1545 538 amat
1575 511 1643 550 que

235 570 282 608 M.
307 592 358 597 —
381 568 467 607 XIII
495 570 527 614 l,
547 568 569 606 3
592 570 735 607 evitavi:
759 574 790 606 te
812 577 899 605 vero
922 566 958 604 I:
984 569 1127 606 amavit
1147 573 1187 606 tu
1208 578 1298 605 vero
1315 566 1362 605 M.
1385 590 1437 594 ——
1460 567 1547 606 XIII
1564 567 1601 613 6,
1619 566 1642 606 3

233 641 350 689 poscis
366 638 397 676 1:
416 638 532 689 possis
550 636 597 675 M.
616 661 669 663 >—
691 636 778 675 XIII
796 636 832 681 7,
860 637 877 673 I
903 642 968 675 (tut
990 632 1070 689 (si)
1097 635 1128 674 1:
1153 642 1218 674 aut
1238 635 1295 685 [si]
1310 634 1359 674 Μ.
1384 659 1433 662 ——
1457 636 1544 675 XIII
1562 636 1599 683 9,
1623 636 1639 674 1

239 706 461 761 <Dolabella
491 705 621 757 quibus
658 706 778 744 verbis
814 717 938 744 secum
977 706 1128 755 eyissem
1170 706 1359 755 exposuit:
1407 705 1643 744 commodum

235 778 335 815 euim
365 786 514 827 egeram
546 773 836 825 diliqeutissime:
875 772 991 825 quae>
1028 772 1059 811 I:
1109 772 1319 823 [Dolabella
1354 773 1486 825 quibus
1521 773 1645 812 verbis

235 857 357 885 secum
399 846 549 895 eyissem
588 845 760 893 emposm'c
799 843 1029 881 commodum
1063 844 1161 880 euim
1192 854 1339 893 eyeram
1371 842 1645 894 dileyentissime

233 914 337 966 quae]
371 912 418 951 M.
467 935 515 938 ve
564 910 650 949 XIII
673 911 725 949 ‘24
761 909 935 950 Corcirae
968 910 1000 948 I:
1042 922 1195 949 currere
1227 910 1274 949 Μ.
1322 933 1375 938 —-
1420 910 1507 949 XIII
1530 911 1596 958 25,
1619 910 1642 949 3

232 985 353 1034 partis
383 983 423 1020 in
454 983 495 1020 iis
526 980 562 1019 1:
592 982 821 1031 parcissimus
852 978 899 1017 M.
933 1003 985 1006 —
1016 979 1103 1017 XIII
1125 979 1190 1026 26,
1217 980 1235 1017 1
1270 991 1314 1018 ne
1346 979 1491 1019 turbem
1512 980 1546 1018 1:
1580 992 1645 1019 nec

238 1052 363 1090 urbem
387 1049 434 1088 M.
459 1073 510 1077 —
535 1049 621 1087 XIII
644 1048 709 1095 28,
734 1048 756 1087 3
790 1051 938 1100 iuyem'o
967 1060 1114 1088 semema
1143 1048 1180 1086 1:
1212 1051 1445 1100 ingeniosum
1476 1061 1499 1088 a
1520 1047 1570 1087 M.
1592 1072 1646 1077 —

236 1120 319 1159 XIII
343 1118 407 1165 33,
431 1119 453 1156 4
492 1120 525 1157 si
559 1124 654 1157 recte
686 1118 718 1156 I:
760 1120 855 1157 seire
892 1124 925 1157 te
957 1117 1004 1156 Μ.
1053 1140 1103 1144 ——
1152 1118 1238 1157 XIII
1261 1117 1326 1165 38,
1354 1119 1369 1156 1
1406 1120 1573 1170 epicuros
1604 1118 1647 1157 de

234 1191 357 1229 eodem
380 1188 417 1227 I:
451 1189 619 1239 epicuros
650 1187 736 1226 deos
766 1187 890 1226 eodem
914 1186 967 1225 M:
1003 1187 1206 1238 Epicureos
1238 1186 1280 1225 de
1312 1187 1439 1227 eodem
1470 1198 1557 1225 vera
1587 1191 1647 1225 est

234 1258 359 1297 lectio.
391 1279 445 1284 —
478 1256 558 1295 XIV
587 1255 647 1302 10,
673 1256 696 1293 4
728 1255 848 1295 Roma
879 1268 916 1295 es
946 1255 977 1294 1:
1011 1255 1127 1295 Rome
1142 1256 1204 1305 [es]
1233 1255 1281 1294 M.
1329 1281 1381 1285 —
1427 1255 1510 1295 XIV
1535 1256 1597 1301 11,
1628 1256 1642 1293 I

236 1330 330 1367 ratio
353 1338 429 1365 non
447 1325 634 1377 gubernat
656 1324 688 1363 I:
721 1328 865 1364 ratione
884 1325 1071 1375 yubernat
1094 1324 1141 1363 M.
1166 1347 1219 1352 —-
1241 1324 1325 1363 XIV
1350 1324 1413 1372 17,
1437 1324 1461 1363 6
1484 1325 1650 1363 connecti

236 1399 289 1436 aris
310 1396 342 1434 1:
375 1396 577 1435 conomius
599 1393 653 1432 M:
686 1396 835 1433 contem·
855 1395 909 1432 vis
931 1405 1016 1431 vera
1041 1400 1098 1433 est
1121 1393 1232 1434 lectio
1254 1406 1299 1432 ex
1318 1393 1357 1432 C.
1382 1417 1430 1420 —
1455 1392 1521 1431 XV
1542 1393 1553 1430 I
1574 1393 1604 1439 l,
1623 1392 1646 1430 4

236 1465 374 1504 liberae
405 1464 441 1502 I:
475 1463 635 1502 liberare
667 1462 713 1501 Μ.
762 1485 815 1490 -
862 1463 924 1502 XV
949 1461 1012 1508 26,
1037 1463 1059 1500 5
1100 1463 1241 1502 Varoui
1269 1462 1581 1514 quemadmodum
1613 1461 1643 1499 I:

244 1535 452 1585 Varom'que
483 1531 684 1571 admodum
707 1530 753 1569 Μ.
787 1555 840 1559 —
872 1532 937 1570 XV
959 1531 1011 1572 28
1044 1532 1238 1572 abstulisse
1270 1532 1301 1570 I:
1335 1530 1500 1571 attulisse
1522 1529 1566 1569 M.
1592 1552 1644 1556 -—

239 1603 300 1642 XV
323 1602 387 1649 25),
416 1602 428 1638 1
468 1602 522 1640 dii
549 1603 679 1653 faxint
700 1602 733 1640 I:
769 1601 894 1652 difuse
924 1603 997 1640 siut
1029 1601 1074 1640 Μ.
1109 1624 1162 1627 —
1192 1600 1274 1639 XVI
1297 1600 1334 1647 2,
1358 1600 1381 1639 6
1413 1600 1521 1638 domo
1544 1601 1646 1638 mitto

239 1672 268 1709 I:
292 1672 381 1710 (lum
402 1673 526 1710 omitto
547 1669 599 1708 M:
623 1671 733 1710 domo
757 1672 886 1709 mittito
910 1682 996 1709 vera
1019 1676 1077 1710 est
1098 1669 1221 1709 lectio.
1246 1693 1283 1696 ’μ
1311 1667 1394 1707 XVI
1413 1667 1450 1715 3,
1473 1669 1490 1705 1
1519 1666 1650 1706 Tiburi

238 1741 268 1779 I:
299 1740 365 1779 tibi
382 1741 434 1778 iri
454 1739 500 1777 M.
524 1763 575 1765 -—
600 1738 679 1777 XVI
704 1739 740 1785 6,
764 1740 787 1776 3
811 1740 982 1778 clum'ano
1004 1739 1041 1777 I:
1075 1738 1238 1777 (letmauo
1261 1737 1318 1776 vel
1340 1737 1503 1776 (luviano
1522 1735 1567 1775 M.
1600 1758 1646 1763 —

239 1808 321 1847 XVI
348 1808 409 1855 10,
432 1807 456 1845 2
489 1807 600 1847 Attice
630 1814 707 1847 tota
736 1815 855 1847 mente
885 1808 920 1846 l:
960 1808 1246 1848 AIIIEETO.
1285 1813 1409 1844 tamen
1446 1811 1480 1843 te
1513 1804 1559 1842 M.
1593 1827 1645 1831 «-

241 1877 319 1916 XVI
347 1878 408 1921 II,
434 1877 452 1915 I
487 1879 593 1916 nonis
625 1876 657 1915 I:
697 1888 773 1916 non
802 1877 872 1916 hiis
902 1876 950 1916 M.
984 1900 1036 1904 —-
1070 1876 1152 1915 XVI
1179 1876 1240 1923 15,
1264 1876 1286 1914 5
1313 1874 1580 1926 pudentissime
1613 1871 1644 1910 I:

235 1947 521 1998 prudentissime
552 1943 601 1982 M.

353 2013 438 2052 Non
470 2011 585 2051 nullis
617 2024 663 2050 ex
693 2011 740 2050 115
772 2025 869 2063 quos
908 2013 1019 2052 attuli
1055 2012 1150 2052 loeis
1182 2013 1389 2051 Iensonum
1423 2010 1646 2050 coniectura

242 2095 370 2122 veram
403 2081 607 2120 lectionem
642 2080 814 2120 invenire
836 2081 1007 2133 potuisse
1039 2081 1218 2127 concedo,
1251 2080 1432 2119 omnibns
1463 2086 1529 2119 aut
1560 2078 1647 2131 plu-

240 2151 352 2190 rimis
385 2162 498 2189 nemo
530 2149 714 2188 concedet
754 2151 828 2189 nisi
860 2151 924 2201 qni
957 2151 1030 2189 iam
1064 2157 1151 2189 ante
1182 2155 1365 2201 quattuor
1397 2148 1547 2188 saecula
1578 2147 1648 2187 ali-

239 2232 353 2271 quem
402 2218 635 2270 philologum
684 2218 919 2270 Madvigiana
966 2232 1053 2259 eum
1104 2218 1307 2271 prudentia
1357 2225 1395 2257 et
1444 2217 1646 2269 sagacitate

242 2295 324 2328 tum
356 2287 535 2327 facilitate
566 2293 603 2326 et
640 2287 819 2327 felicitate
855 2288 895 2327 in
933 2288 1173 2327 emendando
1219 2300 1332 2327 11511111
1373 2300 1457 2326 esse
1498 2285 1646 2333 eredet3

241 2370 329 2397 nam
366 2369 481 2408 quam
529 2355 740 2408 prudenter
786 2369 862 2395 non
905 2369 1117 2408 numquam
1158 2356 1332 2396 codicum
1372 2356 1579 2407 scriptores
1610 2360 1649 2394 et

242 2432 388 2465 veteres
420 2425 586 2464 editores
629 2437 779 2464 errores
811 2425 956 2464 odorati
991 2426 1085 2472 sint,
1124 2430 1294 2465 constat:
1339 2436 1575 2477 quemquam
1606 2423 1647 2463 in

244 2502 299 2535 tot
330 2493 560 2534 lectionibus
582 2493 832 2535 restituendis
857 2500 933 2533 tam
956 2495 1148 2546 eleganter
1180 2500 1217 2535 et
1238 2493 1399 2534 feliciter
1420 2505 1503 2532 rem
1524 2492 1648 2543 egisse
1689 2511 1693 2514 ·

246 2576 323 2603 non
355 2563 635 2603 existimamus.

357 2632 398 2683 2)
421 2632 657 2672 Α111101563
673 2632 843 2671 Venetiis
861 2632 983 2671 editae
1000 2637 1093 2672 sunt
1115 2631 1343 2672 Leonardi
1366 2630 1647 2683 Malaspinae

244 2701 292 2740 in
324 2700 560 2753 epistolas
581 2701 630 2741 Μ.
653 2701 800 2741 Τ111111
824 2701 1067 2741 Ciceronis
1099 2702 1154 2741 ad
1175 2701 1400 2749 Atticum,
1434 2700 1645 2747 Brutum,
