1821 3077
793 191 1205 232 *52*-

298 309 390 349 Cum
410 308 573 349 Teanum
593 308 680 362 <et>
698 309 915 350 Sidicinimn
933 313 1125 358 venissem,
1143 310 1316 350 callidius
1334 311 1449 350 etiam
1465 310 1549 350 VIII
1568 311 1614 349 11
1627 311 1664 357 b,
1682 311 1706 350 2

297 392 366 430 pro
398 389 467 429 quo
501 385 539 417 tu
574 378 695 418 Teano
726 378 892 419 Sidicino
939 392 975 419 es
1009 381 1202 431 profectus
1243 380 1334 419 haec
1372 379 1599 431 excogitavit
1637 393 1708 432 quo

292 454 331 486 tu
368 446 529 486 Theam'o
561 447 781 487 Solicinium
813 462 849 488 es
876 449 1080 499 profectus.

406 516 511 562 Quae
543 528 629 555 cum
665 516 715 555 ita
748 517 822 555 sint
861 530 1029 568 cumque
1061 518 1098 555 Σ
1126 516 1276 563 faciant,
1318 523 1361 556 ut
1392 518 1406 555 I
1438 517 1546 556 facile
1577 529 1708 556 carea-

295 598 397 629 mus,
430 585 475 624 iis
506 585 599 623 locis
632 585 704 623 iam
741 586 751 623 Ι
790 585 1207 632 commemorabimus,
1257 586 1400 637 quibus
1432 586 1476 624 ad
1525 585 1710 624 lectiones

292 653 473 692 editionis
506 652 782 692 Cratandrinae
815 653 1063 692 illustrandas
1096 667 1192 706 opus
1224 661 1304 702 est3
1339 655 1573 704 ubicumque
1604 653 1705 692 enim

292 722 307 759 I
341 722 539 760 meliorem
575 722 779 761 lectionem
805 723 917 761 habet
951 735 1064 773 quam
1090 722 1192 775 24—
1212 728 1262 769 cl,
1296 736 1337 762 ea
1368 722 1480 762 lectio
1513 735 1589 761 non
1624 722 1708 761 dico

292 790 528 838 coniectura,
561 798 596 830 at
621 791 866 829 coniecturae
891 792 1011 830 instar
1042 800 1101 830 est
1123 804 1249 842 neque
1272 799 1330 830 est
1351 791 1452 842 quod
1477 804 1552 830 non
1576 791 1708 830 multis

291 858 383 897 locis
416 860 571 898 meliora
595 866 708 910 atque
739 859 899 898 certiora
933 872 952 899 a
984 860 1096 899 nobis
1118 860 1326 911 excogitari
1354 872 1467 911 posse
1490 859 1707 898 credamus.

291 926 368 966 Nec
401 928 530 967 minus
562 929 670 967 facile
710 928 877 967 editione
910 928 1082 968 Romana
1131 941 1327 976 caremus,
1375 941 1472 979 quae
1511 928 1708 966 simillima

291 1003 349 1034 est
381 996 560 1044 Medicei3
600 1010 686 1036 nam
722 1010 739 1036 s
771 1003 808 1036 et
840 997 977 1036 similis
1009 1004 1067 1036 est
1100 997 1257 1036 Medicei
1299 1005 1335 1037 et
1368 996 1565 1036 erroribus
1598 1004 1708 1048 typo-

294 1064 484 1116 graphicis
518 1074 636 1105 caret.

406 1134 578 1173 Breviter
600 1148 640 1174 ea
664 1134 1003 1186 comprehendam,
1026 1147 1122 1185 quae
1141 1134 1214 1173 hoc
1235 1134 1360 1186 capite
1377 1133 1571 1185 disputata
1593 1140 1708 1172 sunt:

293 1202 496 1241 ENHORP
538 1217 582 1242 ex
615 1203 649 1241 M
682 1216 758 1242 non
794 1203 961 1254 pendent
1000 1209 1115 1254 atque
1147 1204 1235 1242 Ant.
1268 1202 1308 1241 F.
1343 1202 1432 1240 Rav.
1474 1214 1606 1241 eorum
1641 1214 1707 1240 co-

295 1272 421 1310 dicum
455 1272 603 1311 similes
636 1278 747 1316 suntg
779 1284 795 1309 s
828 1284 872 1310 ex
896 1271 929 1309 M
962 1284 1039 1310 non
1071 1271 1213 1323 pendet
1245 1271 1387 1309 eteius
1411 1276 1470 1310 est
1500 1270 1708 1321 gemellus3

295 1353 338 1378 ex
386 1340 459 1379 alio
505 1346 662 1391 parente
705 1339 907 1378 ENHORP
954 1340 1042 1379 Ant.
1080 1339 1119 1377 F.
1158 1339 1264 1386 Rata,
1319 1352 1363 1378 ex
1407 1338 1480 1378 alio
1525 1338 1561 1376 M
1607 1346 1645 1378 et
1692 1353 1709 1378 s

296 1410 457 1460 piofecti
503 1416 608 1448 sunt.
682 1409 777 1447 Illud
826 1408 898 1446 hoc
944 1409 1026 1447 loco
1073 1421 1196 1459 neque
1242 1408 1538 1447 diiudicavimus
1585 1420 1710 1458 neque

298 1477 490 1515 voluimus
522 1478 752 1523 diiudicare,
795 1477 930 1527 quanti
962 1478 999 1515 Σ
1027 1477 1105 1515 sint
1137 1477 1321 1524 faciendi,
1361 1484 1491 1516 utrum
1525 1478 1563 1515 Σ
1589 1489 1636 1515 an
1671 1481 1710 1515 A

296 1545 415 1596 pluris
447 1546 535 1592 sint,
567 1545 709 1595 quibus
741 1544 938 1584 codicibus
971 1558 1016 1583 ex
1047 1547 1082 1583 Σ
1112 1546 1275 1584 maxima
1318 1545 1368 1585 sit
1399 1546 1608 1585 auctoritas
1640 1545 1709 1584 tri-

296 1614 461 1660 buenda,
494 1620 683 1664 quantum
716 1613 949 1653 lectionibus
982 1613 1125 1652 codicis
1158 1628 1175 1653 s
1207 1615 1480 1654 confidendum
1514 1615 1576 1662 sit,
1619 1615 1709 1666 quid

296 1683 396 1720 inter
427 1683 454 1721 C
486 1689 523 1721 et
555 1682 598 1720 W
631 1689 668 1721 et
700 1682 725 1720 Z
758 1689 795 1721 et
826 1683 862 1720 Σ
890 1689 927 1721 et
960 1687 998 1720 J
1030 1682 1258 1722 intercedat.

756 2024 1101 2080 CAPUT
1152 2025 1248 2077 IV.

860 2264 921 2302 DE
953 2265 979 2303 C
1012 2265 1073 2303 ET
1104 2278 1136 2303 c.

412 2366 538 2405 Redeo
571 2367 642 2405 iam
667 2367 711 2405 ad
735 2367 942 2407 editionem
967 2369 1279 2417 Cratandrinffln3
1311 2382 1380 2421 per
1401 2369 1579 2421 ambages
1601 2370 1705 2409 enim

301 2441 342 2472 ut
374 2434 466 2473 haec
497 2435 670 2485 quaestio
702 2435 870 2483 incedat,
909 2437 990 2488 ipsa
1022 2451 1083 2477 res
1117 2437 1290 2477 omnium
1332 2437 1572 2486 difficillima,
1609 2451 1706 2490 quae

299 2502 437 2552 agitur,
471 2502 570 2541 facit.

411 2571 451 2609 In
476 2574 593 2622 praef.
616 2572 674 2610 ed.
698 2572 972 2612 Cratandrinae
995 2587 1030 2625 p.
1055 2576 1078 2612 4
1113 2575 1204 2613 haec
1235 2575 1375 2626 scripta
1408 2580 1520 2613 sunt:
1556 2574 1706 2626 ‘Impri-

300 2641 367 2676 mis
401 2652 486 2677 usus
517 2652 598 2678 sum
632 2641 814 2680 codicibus
845 2641 947 2681 haud
979 2644 1212 2682 mediocriter
1240 2647 1411 2682 vetustis:
1449 2656 1610 2695 quorum
1641 2644 1711 2684 aliz·

299 2718 370 2743 non
402 2711 532 2757 parvis
562 2710 771 2760 impemliis.
819 2722 932 2761 neque
976 2711 1127 2762 mdyara'
1164 2715 1466 2764 pereyrz'natione
1497 2715 1708 2764 conquisiti:
