1821 3077
589 126 975 166 —5--„

74 261 106 288 a.
133 247 254 295 1879,
287 246 481 300 posterior
502 245 642 298 Lipsiis
663 245 702 284 in
728 244 1065 296 ‘Verhandlungen
1089 246 1157 284 der
1179 246 1325 285 saeclis.
1351 246 1498 285 Gesell-

73 317 199 357 schaft
230 316 298 356 der
330 315 661 356 Wissenschaften
699 313 818 354 1879'
850 314 978 354 editus
1011 316 1098 362 est),
1141 314 1276 354 eodem
1323 322 1497 367 tempore

74 387 404 431 demonstrarunt,
429 397 555 436 neque
579 385 696 424 ullam
720 383 863 424 codicis
882 383 919 422 M
940 389 1091 435 partem
1115 383 1161 423 ab
1184 384 1269 436 ipso
1288 384 1496 424 Petrarcha

72 463 265 496 exaratam
288 461 326 494 et
350 459 474 494 totum
497 453 673 493 codicem
705 466 806 492 anno
830 453 911 492 fere
936 452 1042 492 1390
1067 452 1271 492 Mediolani
1304 453 1494 506 scriptum

73 532 187 578 atque
219 522 397 564 Coluccio
429 522 593 563 Salutati
639 536 659 561 a
691 522 888 574 Pasquino
921 522 968 561 de
1000 521 1165 574 Capellis
1199 522 1363 562 missum
1397 535 1494 570 esse⁷

72 607 188 647 quem
207 592 411 634 Coluccius
443 591 517 631 sihi
550 597 592 632 ut
614 591 813 631 Ciceronis
845 591 890 631 ad
922 591 1094 631 Atticum
1128 591 1314 644 epistulas
1348 592 1494 632 descri-

72 664 218 704 bendas
260 667 413 703 curaret
457 667 671 713 rogaverat.
733 662 864 714 Ipsum
913 661 1084 701 codicem
1125 661 1187 701 Fr.
1222 661 1410 701 Ruehlius
1456 661 1495 701 in

72 746 173 773 mus.
196 732 319 772 Rhen.
343 744 381 771 n.
405 743 435 770 s.
457 731 529 769 vol.
555 730 710 770 XXXVI
742 737 919 771 accurate
951 731 1158 784 descripsit
1175 728 1231 778 *):
1265 743 1496 771 mercenna-

71 802 220 842 riorum
269 799 483 840 scribarum
535 800 713 839 undecim
763 813 878 852 opera
925 800 1097 840 codicem
1135 813 1219 840 esse
1258 802 1493 840 confectum.

71 871 190 911 Recte
234 870 320 910 illos
358 870 458 909 viros
504 868 696 909 iudicasse
741 877 917 922 apparet:
968 869 1107 909 talibus
1149 870 1253 909 enim
1296 869 1495 909 erroribus

71 941 191 981 codex
211 939 249 980 M
280 945 402 980 scatet
435 945 616 990 tantaque
648 952 784 979 eorum
818 940 883 991 qui
916 939 1158 991 scripserunt
1190 939 1355 979 stultitia
1378 945 1494 992 atque

73 1009 265 1063 imperitia
296 1009 450 1060 linguae
472 1008 629 1048 Latinae
661 1010 747 1057 fuit,
783 1016 824 1048 ut
856 1009 1106 1049 Petrarcham
1139 1009 1307 1061 aliquam
1339 1016 1491 1062 partem

72 1079 276 1132 scripsisse
307 1092 386 1118 nou
419 1078 470 1119 sit
500 1078 695 1118 credibile.

186 1150 230 1189 In
261 1149 471 1189 ‘Blaettern
503 1150 564 1188 ft'u·
596 1149 664 1188 das
686 1148 791 1201 bayr.
816 1148 1296 1201 Gymnasialschulwesen'
1330 1149 1401 1188 vol.
1424 1149 1494 1188 XX

72 1233 108 1271 p.
133 1219 156 1258 7
189 1224 227 1258 et
258 1232 295 1270 p.
323 1218 398 1257 111
434 1217 476 1257 G.
502 1216 732 1270 Schepssius
764 1217 950 1257 lectiones
982 1217 1149 1258 duorum
1182 1218 1493 1270 fragmentorum

70 1287 201 1335 edidit,
234 1299 331 1340 quae
362 1286 402 1326 in
434 1286 529 1334 vico,
562 1287 624 1327 cui
656 1299 798 1326 nomen
830 1294 889 1327 est
910 1286 1151 1333 Muehlhach,
1185 1287 1250 1340 qui
1275 1288 1381 1328 vicus
1414 1300 1493 1328 non

71 1358 184 1408 longe
201 1356 248 1396 ab
266 1355 408 1408 oppido
426 1356 692 1409 Wurceburgo
710 1356 832 1405 abest,
855 1357 1010 1397 inventa
1030 1364 1139 1405 sunt3
1162 1370 1262 1409 quae
1279 1359 1494 1409 fragmenta

73 1427 122 1477 (X
144 1426 319 1472 11-15,
342 1425 409 1465 XV
431 1425 469 1472 2,
492 1427 530 1474 4,
553 1425 619 1465 XV
641 1427 679 1474 4,
706 1426 825 1474 1-2‚
847 1426 914 1466 XV
939 1427 1182 1475 16111461),
1204 1427 1271 1466 XV
1298 1427 1360 1475 18,
1387 1426 1492 1465 1-2

72 1496 119 1536 iis
150 1495 418 1548 continentur)
451 1507 539 1535 cum
575 1495 700 1535 eidem
738 1495 859 1536 codici
899 1496 1103 1537 tribuenda
1139 1509 1224 1536 esse
1262 1496 1493 1548 Schepssius

73 1564 411 1612 demonstraverit,
456 1577 500 1604 ex
548 1578 625 1616 quo
672 1564 760 1604 folia
806 1578 827 1604 a
860 1565 1065 1617 Spengelio
1111 1572 1148 1605 et
1194 1565 1346 1605 Halmio
1393 1565 1493 1606 edita

73 1640 297 1687 supersunt,
329 1633 403 1674 ista
434 1646 590 1686 quoque
620 1636 836 1685 fragmenta
869 1647 938 1674 nos
973 1635 1017 1672 W
1050 1635 1343 1687 appellabimus.

185 1703 467 1743 Fundamentis
523 1716 543 1742 a
589 1702 768 1743 Viertelio
823 1709 862 1743 et
908 1703 1058 1755 Voigtio
1103 1704 1211 1744 iactis
1258 1704 1316 1744 vel
1361 1704 1492 1757 potius

73 1772 279 1812 destructis
311 1795 364 1800 —
396 1785 524 1824 neque
555 1772 660 1812 enim
694 1778 770 1812 tam
805 1772 1056 1812 fundamenta
1088 1786 1108 1812 a
1141 1773 1232 1813 viris
1256 1773 1492 1813 doctissimis

71 1841 171 1882 iacta
201 1854 318 1894 quam
352 1848 479 1882 vetera
510 1841 597 1890 ista,
628 1854 726 1893 quae
759 1848 836 1882 tam
865 1854 1001 1894 parum
1027 1842 1176 1882 munita
1200 1848 1310 1882 erant
1321 1848 1375 1919 pt
1397 1842 1494 1882 nihil

74 1910 186 1950 solidi
217 1923 260 1950 ac
291 1911 393 1951 firmi
424 1912 571 1951 exstrui
597 1917 740 1964 posset,
774 1911 932 1951 disiecta
965 1918 1058 1952 sunt
1078 1935 1132 1939 -—
1156 1918 1234 1952 tota
1267 1925 1328 1952 res
1360 1912 1493 1952 critica

73 1979 113 2018 in
135 1979 330 2020 Ciceronis
362 1981 408 2021 ad
430 1981 602 2021 Atticum
635 1980 811 2033 epistulis
834 1986 1074 2021 commutata
1096 1986 1172 2029 est3
1204 1994 1293 2022 nam
1319 1987 1360 2022 ut
1381 1987 1493 2022 antea

74 2049 170 2096 eius,
203 2048 269 2100 qui
291 2049 455 2090 IAnt.F
488 2050 549 2091 sui
580 2050 676 2090 iuris
708 2063 792 2090 esse
824 2063 950 2102 neque
982 2063 1027 2089 ex
1051 2050 1087 2089 M
1109 2051 1277 2103 pendere
1299 2051 1492 2098 credebat,

73 2119 146 2158 hoc
192 2130 337 2158 munus
381 2118 472 2167 fuit,
520 2125 561 2159 ut
599 2126 695 2172 quot
732 2132 929 2172 quamque
970 2119 1149 2172 gravibus
1181 2121 1275 2161 locis
1307 2121 1321 2160 1
1350 2121 1438 2160 Ant.
1465 2121 1492 2160 F

76 2187 254 2227 meliores
286 2193 417 2228 essent
447 2188 522 2228 isto
554 2189 684 2229 codice
716 2189 887 2229 Mediceo
919 2189 1220 2239 demonstraret,
1253 2191 1305 2230 ita
1338 2190 1413 2230 iam
1445 2190 1492 2237 ei,

73 2257 141 2309 qui
177 2257 214 2296 M
258 2262 460 2310 parentem
508 2270 593 2298 esse
638 2259 796 2300 alterius
843 2258 986 2299 codicis
1033 2259 1173 2307 credit,
1220 2260 1313 2299 illud
1361 2260 1490 2312 ipsum

73 2326 188 2366 certis
219 2332 335 2378 atque
365 2326 478 2367 iustis
509 2329 748 2379 argumentis
786 2328 1030 2381 probandum
1063 2334 1138 2376 est3
1172 2335 1214 2368 ut
1241 2329 1360 2381 igitur
1381 2335 1491 2368 antea

76 2402 153 2436 tota
193 2396 368 2448 quaestio
401 2397 474 2436 hoc
507 2396 620 2437 modo
653 2399 863 2438 constituta
894 2405 992 2438 erat:
1041 2398 1262 2439 ‘Petrarcha
1295 2397 1492 2438 Ciceronis

164 2573 194 2613 *)
219 2573 313 2606 Nunc
339 2571 381 2606 cf.
400 2572 436 2605 Ο.
458 2572 494 2605 Ε.
514 2572 691 2605 Schmidtii
717 2576 1032 2609 commentationem
1067 2577 1100 2608 in
1126 2576 1406 2616 ‘Abhandlungen
1432 2576 1492 2607 der

77 2626 559 2668 philologisch-historischcn
587 2628 702 2660 Classe
736 2629 794 2660 dei·
821 2627 973 2672 lioenigl.
994 2632 1234 2664 Saechsischen
1262 2628 1492 2664 Gesellsehaft

76 2680 135 2712 der
162 2681 466 2715 wissenschaften*
496 2683 561 2714 vol.
582 2682 613 2714 X
639 2694 666 2714 a.
689 2682 784 2716 1557.
