1821 3077
796 125 1209 165 *64*

407 242 591 294 Quisquis
622 242 721 282 hanc
754 241 850 281 viam
884 254 926 281 ac
957 241 1147 281 rationem
1194 242 1233 281 in
1272 242 1317 282 iis
1348 241 1580 281 lectionibus
1613 255 1708 294 quas

296 311 506 351 Cratander
537 311 691 351 novavit
722 311 910 363 sequitur,
958 324 1035 350 non
1069 311 1182 350 babet
1227 311 1329 363 quod
1368 324 1430 350 eas
1462 311 1709 362 quaestiones

298 394 393 431 quas
426 380 499 420 sub
530 393 549 419 a
573 380 596 419 b
618 393 638 419 c
668 381 871 432 posuimus
894 380 1082 432 expediat,
1114 380 1295 432 quoniam
1326 380 1407 432 ipse
1430 379 1639 419 Cratander
1671 393 1710 418 se

295 450 404 488 novis
437 449 634 488 codicibus
668 462 780 488 usum
815 462 898 488 esse
932 448 1075 487 scribit.
1137 448 1241 487 Idem
1275 448 1530 487 Cratandrum
1564 447 1611 486 Α·2
1643 461 1709 487 ex-

295 518 499 569 pressisse,
533 531 618 557 raro
639 518 685 556 A¹
711 531 823 557 usum
848 530 932 556 esse
955 517 1146 563 invenietq
1178 529 1265 555 nam
1290 516 1456 555 aldinam
1480 529 1578 567 quae
1608 529 1709 556 anno

301 586 402 625 1521
438 586 584 638 prodiit
606 586 860 624 Cratandrum
895 585 1108 636 neglexisse
1140 592 1245 636 puto,
1298 585 1474 625 Detracta
1507 598 1595 624 vero
1618 586 1703 624 Cra-

297 655 471 694 tandrina
505 655 673 694 editione
706 655 750 693 de
782 652 831 692 A‘2
862 662 900 693 et
930 654 976 692 A¹
1018 654 1159 693 multae
1203 661 1316 705 atque
1363 667 1480 693 novae
1526 654 1709 693 lectiones

296 724 555 775 reperiuntur,
588 736 685 774 quae
718 730 754 761 et
786 723 824 761 in
857 723 892 761 M
924 730 959 761 et
993 723 1029 761 in
1054 721 1136 760 WZ
1169 730 1206 762 et
1238 723 1274 761 in
1308 723 1354 761 iis
1385 736 1481 774 quos
1514 736 1583 761 nos
1616 736 1709 762 con-

296 792 456 831 tulimus
488 792 685 831 codicibus
718 798 828 830 sunt:
862 792 1063 843 plerasque
1095 804 1184 830 vero
1222 791 1314 831 istas
1346 792 1529 831 lectiones
1568 805 1613 831 ex
1644 805 1709 831 co—

295 861 444 900 dicibus
466 861 658 912 profectas
682 873 767 899 esse
790 867 959 912 apparet,
983 860 1185 912 perpaucis
1207 860 1300 899 locis
1323 861 1534 900 Cratander
1554 862 1708 900 coniec-

296 930 392 969 turis
425 929 577 968 videtur
610 942 702 968 usus
734 942 833 968 esse.

410 998 525 1037 Recte
561 1011 620 1036 me
654 1011 694 1037 ea
727 1011 826 1049 quae
860 1010 975 1050 supra
1006 998 1119 1049 posui
1151 997 1291 1036 dixisse
1323 1011 1368 1036 ex
1401 997 1460 1036 his
1492 998 1608 1037 rebus
1639 1011 1708 1049 ap-

295 1080 428 1120 parere
465 1074 584 1119 puto:
634 1067 672 1117 a)
713 1067 922 1106 Cratander
968 1079 1045 1105 non
1094 1067 1208 1105 modo
1253 1066 1289 1104 in
1330 1079 1415 1118 epp.
1448 1067 1493 1105 ad
1525 1067 1708 1114 Atticum,

297 1137 363 1175 sed
395 1137 434 1175 in
471 1137 601 1175 multis
634 1136 741 1175 libris
774 1136 970 1175 Ciceronis
1002 1136 1187 1174 lectiones
1220 1136 1282 1186 (C)
1315 1136 1351 1174 in
1386 1136 1556 1186 margine
1586 1148 1708 1188 appo-

299 1207 394 1251 suin
433 1205 573 1256 quibus
607 1205 838 1244 lectionibus
878 1217 966 1244 cum
999 1204 1038 1243 in
1070 1204 1179 1242 libris
1211 1204 1256 1243 de
1289 1204 1431 1243 finibus
1462 1204 1709 1243 recensendis

295 1274 503 1325 Madvigius
536 1281 574 1313 et
605 1274 778 1313 Baiterus
812 1274 869 1312 usi
903 1273 990 1319 sint,
1037 1273 1139 1324 quod
1172 1273 1456 1324 intellegebant,
1497 1273 1522 1311 C
1555 1272 1709 1311 similli-

298 1356 399 1382 mam
433 1356 516 1382 esse
548 1342 744 1381 codicibus
777 1342 934 1394 optimis
966 1342 1030 1393 qui
1055 1342 1083 1380 A
1115 1349 1153 1380 et
1182 1342 1208 1380 B
1240 1342 1492 1393 appellantur,
1525 1355 1590 1381 eae
1611 1354 1708 1393 quae

294 1412 332 1451 in
364 1411 446 1450 aliis
478 1411 597 1458 libris,
633 1411 796 1450 maxime
829 1412 865 1449 in
898 1410 1135 1449 Academicis
1162 1410 1355 1462 prioribus
1387 1417 1424 1449 et
1454 1410 1493 1448 in
1524 1410 1631 1449 libris
1663 1409 1708 1448 de

295 1479 540 1527 divinatione,
573 1480 837 1526 inveniuntur,
870 1492 974 1518 nunc
995 1480 1106 1531 plane
1128 1479 1259 1526 latent,
1292 1478 1364 1517 etsi
1387 1479 1413 1518 C
1444 1478 1482 1517 in
1505 1478 1590 1518 istis
1611 1479 1706 1517 Aca-

294 1548 454 1588 demicis
493 1556 531 1587 et
561 1548 598 1587 in
631 1548 739 1587 libris
771 1549 815 1587 de
848 1548 1081 1588 divinatione
1121 1548 1249 1599 magni
1287 1548 1399 1600 pretii
1439 1554 1547 1594 sunt,
1594 1546 1707 1598 paulo

296 1617 457 1656 minoris
506 1617 545 1656 in
595 1616 702 1656 libris
748 1617 793 1656 de
838 1617 1001 1668 legibus,
1054 1617 1159 1669 parvi
1209 1617 1247 1655 in
1300 1616 1407 1656 libris
1458 1617 1504 1655 de
1555 1615 1703 1661 officiis,

292 1687 331 1725 in
363 1685 592 1725 Tusculanis
629 1685 976 1737 disputationibus,
1023 1689 1060 1724 in
1099 1686 1207 1724 libris
1252 1685 1467 1725 rhetoricis.
1529 1684 1640 1731 Quod
1674 1684 1705 1723 si

294 1755 331 1794 in
364 1755 410 1794 iis
441 1755 550 1793 libris
582 1768 601 1794 c
631 1755 678 1793 de
711 1754 756 1792 A*2
789 1762 825 1793 et
855 1754 901 1792 ΑΙ
936 1755 1172 1801 detrahitur,
1219 1767 1285 1793 eae
1316 1754 1512 1800 lectiones,
1555 1766 1652 1805 quae
1684 1765 1703 1791 a

295 1824 504 1863 Cratandro
536 1830 694 1862 novatae
726 1830 831 1869 sunt,
863 1823 1039 1875 plurimis
1071 1823 1163 1862 locis
1195 1836 1283 1862 cum
1321 1822 1478 1875 optimis
1509 1821 1704 1861 codicibus

294 1892 555 1939 consentiunt,
602 1905 678 1931 non
722 1892 854 1943 paucis
885 1892 977 1930 locis
1009 1891 1060 1930 ita
1091 1891 1138 1930 ab
1168 1891 1289 1930 isdem
1322 1890 1518 1929 codicibus
1550 1891 1703 1929 dissen—

295 1962 407 2008 tiunt,
441 1968 483 2000 ut
513 1974 550 2008 c,
582 1961 606 1999 i.
630 1974 661 1999 e.
694 1961 806 2000 lectio
846 1974 865 1999 a
897 1961 1107 1999 Cratandro
1150 1967 1304 2007 novata,
1353 1973 1438 1999 vera
1484 1959 1534 1998 sit
1577 1959 1700 1998 lectio.

294 2028 370 2067 Nos
400 2029 494 2068 istas
516 2029 700 2068 lectiones
732 2029 906 2068 nondum
932 2028 1135 2075 edidimus,
1170 2029 1241 2068 boc
1272 2041 1465 2080 rogamus,
1498 2035 1542 2067 ut
1563 2028 1633 2067 hac
1664 2028 1701 2066 in

294 2110 333 2136 re
381 2104 515 2136 nostro
563 2097 704 2137 iudicio
752 2098 809 2136 vel
854 2097 983 2149 potius
1030 2103 1185 2136 nostrae
1228 2097 1314 2136 fidei
1360 2097 1454 2136 fides
1505 2096 1701 2136 habeatur.

294 2165 334 2217 b)
368 2167 408 2205 ln
444 2166 681 2205 Academicis
720 2165 1000 2218 posterioribus
1045 2166 1105 2205 ed.
1138 2165 1388 2206 Cratandrina
1434 2166 1617 2205 lectiones
1663 2165 1701 2203 in

294 2235 465 2286 margine
496 2235 691 2286 appositas
737 2247 814 2274 non
861 2234 994 2281 habet,
1041 2234 1251 2273 sententias
1283 2235 1443 2273 Graecas
1475 2235 1519 2273 ad
1553 2240 1700 2273 textum

294 2303 474 2343 Latinum
514 2303 751 2355 pertinentes
798 2303 928 2342 habet:
974 2303 1013 2341 in
1062 2303 1120 2341 bis
1165 2312 1295 2342 autem
1347 2303 1454 2342 libris
1492 2303 1702 2342 Cratander

293 2372 388 2411 nihil
426 2372 606 2419 mutavit,
653 2371 796 2410 nullam
843 2372 1048 2411 lectionem
1087 2372 1254 2410 novavit.
1314 2376 1348 2419 c)
1385 2372 1424 2410 In
1457 2371 1629 2410 oratione
1661 2371 1700 2410 in

293 2441 334 2479 P.
368 2441 561 2480 Vatinium
586 2440 795 2479 Cratander
818 2440 959 2480 multas
991 2453 1132 2492 easque
1159 2440 1277 2480 bonas
1309 2441 1490 2480 lectiones
1522 2439 1560 2478 in
1595 2451 1699 2478 mar—

295 2510 380 2560 gine
412 2509 613 2561 apposuit,
655 2509 755 2548 idem
803 2510 841 2547 in
883 2516 987 2548 textu
1027 2510 1166 2549 multas
1203 2509 1387 2549 lectiones
1419 2508 1572 2547 novavit
1602 2521 1698 2560 quae

294 2591 380 2617 cum
420 2579 576 2630 optimis
607 2577 802 2616 codicibus
834 2578 1094 2617 consentiunt.
1155 2579 1193 2626 d)
1224 2578 1267 2617 In
1300 2577 1470 2616 oratione
1501 2577 1538 2615 in
1572 2576 1611 2615 L.
1635 2576 1698 2614 Pi-

295 2659 427 2685 sonem
471 2660 590 2698 usque
636 2647 679 2685 ad
713 2646 808 2694 §38
843 2647 1049 2685 Cratander
1094 2647 1237 2686 nullam
1286 2647 1399 2686 habet
1444 2646 1480 2684 in
1531 2646 1698 2697 margine
