1821 3077
608 71 1023 114 *63—

106 189 248 232 Basilio
278 190 305 238 Ι,
328 189 411 238 A12,
435 202 472 230 c:
502 190 629 231 Basilo
661 191 718 228 W.
760 215 802 219 -—
838 191 888 231 XI
911 192 976 239 23,
1003 193 1022 230 1
1058 205 1081 232 α
1111 191 1219 232 nullo
1251 191 1278 239 Ι,
1301 190 1387 240 A12,
1410 205 1447 231 c:
1481 193 1526 232 ab

105 259 171 299 illo
203 261 261 299 W.
293 284 346 290 —
378 259 430 299 XI
452 259 517 308 23,
542 260 565 299 3
598 264 786 301 maiorum
820 261 846 307 Ι,
870 258 956 309 Αῑῗ,
980 275 1019 301 c:
1053 261 1244 302 malorum
1276 261 1335 309 W,
1360 261 1454 300 ZL‘2.

219 330 398 382 Apparet,
431 330 687 369 Cratandrum
735 343 822 370 raro
867 330 1018 370 codices
1065 331 1282 382 inspexisse
1324 344 1450 382 neque
1481 344 1528 370 ex

107 398 262 438 silentio
294 399 496 438 Cratandri
544 422 595 427 —
643 399 728 439 silet
768 400 885 441 enim.
935 407 977 440 ut
1014 400 1065 439 ita
1103 400 1242 447 dicam,
1291 400 1527 452 ubicumque

107 480 195 507 cum
220 465 324 506 ΙΑ12
356 467 549 507 consentit
571 491 621 495 —
645 469 854 520 quicquam
887 469 1128 509 auctoritatis
1160 469 1288 521 colligi
1319 470 1403 509 adI
1435 482 1527 522 pro-

110 537 288 576 bandam.
350 537 470 577 Multo
495 550 583 576 vero
616 537 726 577 aliter
756 537 1007 577 iudicandum
1030 551 1114 577 esse
1137 545 1232 590 puto
1255 539 1301 578 de
1324 538 1369 577 iis
1392 539 1526 578 lectio-

109 605 238 652 nibus,
271 618 367 657 quas
390 605 601 645 Cratander
632 606 749 658 prim
763 620 812 646 us
845 607 881 646 in
917 614 1024 647 textu
1047 607 1179 659 posuit
1209 614 1324 660 atque
1348 609 1525 647 novavit:

106 687 202 726 quas
240 687 328 714 cum
363 673 608 714 Hofmannus
645 688 682 727 p.
712 675 763 715 33
803 676 915 728 plane
953 676 1209 728 neglegendas
1256 677 1411 716 duxerit
1457 690 1526 716 ne-

107 743 343 794 glexeritque
376 744 564 791 Baiterus,
597 751 699 783 recte
732 744 1051 796 Wesenbergius,
1095 753 1137 785 ut
1168 752 1250 785 erat
1280 746 1400 786 homo
1432 759 1527 798 pru-

107 813 361 852 dentissimus
393 818 508 865 atque
539 813 755 853 acutissimi
788 814 932 861 iudicii,
964 814 1086 866 ipsam
1119 828 1200 854 rem
1234 815 1382 855 invenit
1412 823 1528 867 atque

109 882 377 934 compluribus
408 882 503 921 locis
535 895 580 922 ex
611 895 631 922 c
663 895 790 922 veram
824 883 1028 922 lectionem
1059 884 1243 924 restituit.
1307 885 1403 924 Cum
1440 898 1527 924 vero

107 951 207 990 idem
241 951 359 990 homo
392 951 642 991 doctissimus
683 964 765 991 rem
800 952 945 1004 optime
977 952 1172 992 inventam
1206 966 1285 993 non
1317 966 1528 1006 perseque-

107 1027 215 1059 retur
246 1032 372 1071 neque
403 1026 632 1072 exponeret.
678 1033 752 1072 qua
785 1021 842 1060 via
881 1033 924 1060 ac
967 1022 1114 1061 ratione
1161 1023 1345 1062 lectiones
1383 1036 1401 1062 a
1434 1023 1527 1062 Cra-

109 1089 245 1128 tandro
277 1095 437 1128 novatae
468 1089 633 1128 inveniri
680 1095 856 1141 possent,
903 1089 1047 1129 factum
1088 1097 1146 1130 est
1193 1098 1235 1131 ut
1272 1092 1405 1144 paucis
1443 1105 1526 1131 eam

108 1170 189 1197 rem
224 1157 418 1210 probaret.
479 1158 570 1205 Nos,
603 1157 788 1209 quoniam
822 1157 1144 1210 Wesenbergium
1179 1161 1396 1200 rectissime
1428 1161 1529 1200 iudi-

106 1239 213 1266 casse
246 1226 513 1273 credebamus,
545 1228 645 1267 banc
676 1227 866 1266 rationem
901 1229 1225 1279 excogitavimus:

221 1296 382 1336 Multis
412 1296 456 1335 in
490 1296 627 1336 libris
659 1297 931 1348 posteriore
963 1297 1175 1338 editione
1204 1299 1255 1338 de
1277 1299 1528 1351 prioribus

106 1365 391 1404 detrahenda
422 1365 617 1405 collatio
646 1365 1008 1417 deperditorum
1041 1367 1258 1407 codicum
1292 1369 1528 1408 efficitur.

220 1434 362 1486 ltaque.
398 1434 634 1486 ubicumque
664 1435 870 1486 aliquando
903 1442 1051 1475 veteres
1082 1436 1250 1476 editores
1281 1444 1348 1477 aut
1379 1438 1452 1490 ipsi
1486 1452 1526 1477 56

70 1493 74 1496 ’
107 1502 305 1542 codicibus
339 1516 429 1542 usos
462 1516 547 1543 esse
578 1503 786 1542 adfirmant
817 1510 883 1543 aut
916 1505 975 1543 usi
999 1505 1180 1545 videntur
1210 1518 1307 1553 esse,
1340 1506 1391 1546 ita
1425 1513 1529 1546 vete-

108 1584 194 1610 rum
226 1572 404 1611 codicum
437 1572 623 1611 lectiones
655 1579 948 1624 recuperantur,
983 1581 1025 1613 ut
1056 1574 1327 1626 investigetur:

220 1643 255 1688 a)
287 1640 368 1679 Nisi
405 1653 522 1680 novas
560 1640 744 1680 lectiones
783 1654 827 1680 ex
866 1642 1064 1681 codicibus
1104 1645 1295 1694 profectas
1327 1657 1410 1684 esse
1443 1644 1528 1696 ipse

110 1709 235 1748 editor
288 1709 398 1748 testis
455 1716 531 1755 est,
592 1710 680 1760 quis
733 1709 883 1761 primus
934 1723 1042 1749 veras
1094 1711 1278 1751 lectiones
1330 1713 1366 1752 in
1422 1720 1528 1752 textu

113 1778 298 1829 posuerit.
388 1778 426 1819 bi
475 1778 600 1818 Novae
654 1779 746 1818 istae
806 1785 920 1830 atque
983 1793 1091 1819 verae
1146 1781 1331 1838 lectiones
1395 1788 1524 1820 utrum

112 1860 156 1885 ex
206 1847 334 1898 aliquo
384 1847 515 1886 codice
566 1860 613 1886 an
665 1860 710 1886 cx
756 1847 978 1888 coniectura
1030 1856 1137 1889 ortae
1183 1863 1267 1890 6556
1315 1850 1528 1890 videantur.

111 1916 148 1966 c)
179 1915 365 1955 Pluresne
396 1929 516 1956 novae
547 1925 664 1968 atque
695 1924 821 1956 rectae
849 1918 1034 1957 lectiones
1066 1918 1113 1957 ab
1144 1920 1278 1958 eodem
1312 1920 1457 1959 editore
1490 1920 1529 1959 in

113 1991 259 2024 textum
293 1992 467 2037 receptae
498 1986 587 2025 sint.
649 1986 687 2034 d)
723 1986 809 2025 Sive
841 1987 967 2026 editor
999 1987 1080 2039 ipse
1111 2000 1151 2027 se
1183 1988 1381 2028 codicibus
1414 2001 1527 2028 usum

113 2066 194 2093 esse
227 2053 362 2093 scribit
392 2054 471 2094 sive
502 2054 596 2094 istas
644 2068 760 2094 novas
793 2056 976 2095 lectiones
1024 2069 1067 2095 ex
1106 2056 1305 2097 codicibus
1351 2064 1528 2109 sumptas

113 2136 197 2162 esse
228 2122 455 2169 conicimus,
500 2136 599 2174 quae
630 2123 736 2176 prior
775 2124 892 2163 editio
940 2125 976 2163 in
1010 2125 1081 2164 ista
1115 2126 1328 2177 posteriore
1359 2126 1529 2166 editione

112 2203 291 2243 expressa
331 2191 393 2230 sit.
454 2191 491 2241 6)
532 2191 699 2243 Ecquam
740 2193 851 2231 aliam
893 2200 1088 2244 praeterea
1135 2194 1343 2233 editionem
1389 2195 1420 2234 is
1463 2195 1530 2246 qui

113 2260 366 2311 posteriorem
400 2260 608 2300 editionem
649 2262 799 2300 curavit
836 2262 880 2301 ad
923 2269 1068 2301 textum
1108 2263 1426 2303 constituendum
1461 2264 1528 2303 ad-

115 2328 292 2368 bibuerit.
357 2332 390 2374 t')
424 2328 598 2368 Detracta
636 2330 850 2381 posteriore
897 2331 1066 2370 editione
1104 2332 1149 2370 de
1196 2332 1391 2383 prioribus
1431 2345 1529 2383 quae

114 2409 232 2436 novae
277 2397 463 2436 lectiones
510 2398 678 2449 reliquae
725 2400 814 2438 sint.
877 2401 915 2450 g)
946 2402 1070 2446 Quem
1110 2401 1235 2439 locum
1277 2401 1314 2440 in
1351 2401 1526 2440 codicum

115 2472 319 2505 stemmate
350 2467 445 2505 istae
476 2475 636 2506 novatae
666 2468 851 2507 lectiones
882 2469 1094 2508 obtineant.
1156 2470 1198 2519 li)
1222 2468 1358 2509 Utrum
1392 2482 1529 2509 omnes

114 2546 234 2573 novae
266 2535 448 2574 lectiones
480 2548 524 2573 ex
548 2536 744 2575 codicibus
775 2544 954 2588 sumptae
985 2549 1031 2576 an
1055 2549 1132 2576 non
1158 2538 1284 2577 nullae
1307 2538 1528 2578 coniectura

115 2608 219 2642 ortae
251 2616 332 2642 esse
366 2604 579 2643 videantur.
