1821 3077
272 304 461 356 scriptum
495 302 676 352 cornelio)
708 304 773 354 qui
800 302 867 341 has
897 300 954 340 dic
986 302 1036 339 ad
1067 302 1225 340 Atticum
1257 303 1434 351 scriptas,·
1466 300 1559 339 haec

271 372 508 425 subscriptio
540 372 651 423 nigro
683 378 901 410 atramento
933 375 991 409 est
1023 369 1174 421 scripta.

252 443 374 482 Totus
405 442 524 481 codex
555 441 707 480 videtur
739 439 907 491 scriptus
939 451 1024 478 esse
1053 438 1100 477 ab
1128 439 1263 477 eodem
1287 437 1460 482 homine,
1493 437 1559 477 sed

141 513 252 552 variis
300 511 563 564 temporibus;
614 510 744 561 itaque
795 521 884 547 cum
935 508 1055 560 priori
1096 508 1195 559 parti
1249 506 1409 553 codicis,
1461 519 1559 558 quae

140 581 280 622 desinit
323 580 361 620 in
409 580 473 620 fol.
499 580 628 624 151a,
678 578 770 617 haec
809 577 980 616 subiecta
1019 576 1095 616 sint
1132 575 1284 615 Marcus
1329 576 1372 614 (Ie
1419 576 1559 627 rapha-

140 651 249 691 nellz‘s
292 652 453 702 scripsit,
501 648 668 688 eundem
717 647 916 686 hominem
962 644 1217 698 posteriorem
1266 650 1415 696 partem
1462 657 1559 695 quae

139 719 324 772 epistulas
355 718 530 758 continet
561 717 758 768 aliquanto
790 723 879 768 post
912 714 1114 767 scripsisse
1135 720 1244 766 puto.
1291 713 1365 760 Qui
1398 725 1486 752 cum
1520 713 1559 752 in

139 788 305 828 Cornelii
335 786 494 840 Nepotis
535 786 610 825 vita
641 785 758 824 Attici
793 785 855 831 16,
879 785 901 823 3
934 784 1099 836 legisset,
1141 782 1319 822 undecim
1362 782 1560 822 volumina

139 857 395 910 epistularum
437 868 520 895 esse
560 855 607 895 ab
638 854 843 894 consulatu
876 853 1072 894 Ciceronis
1104 865 1228 903 usque
1259 852 1305 890 ad
1338 858 1558 890 extremum

140 935 295 979 tempus
326 927 371 966 ad
399 925 571 965 Atticum
605 924 827 964 missarum.
860 922 989 975 ipsum
1023 923 1131 961 illum
1164 933 1373 960 numerum
1408 920 1483 960 sibi
1514 933 1559 959 ex

141 996 187 1035 iis
217 997 270 1035 20
292 995 416 1041 libris,
455 1006 554 1045 quos
585 993 625 1032 in
657 991 869 1043 exemplari
900 991 1077 1038 habebat,
1110 990 1356 1030 efficiendum
1389 990 1559 1042 putavit3

140 1077 293 1104 namne
310 1063 464 1103 credam
482 1062 577 1102 istos
596 1048 777 1101 undecim
788 1060 906 1100 libros
924 1060 997 1099 iam
1017 1061 1057 1099 in
1075 1061 1284 1113 exemplari
1297 1059 1400 1111 quod
1413 1058 1560 1098 descri-

141 1133 255 1173 bebat
275 1132 509 1173 constitutos
533 1131 664 1178 fuisse,
697 1143 739 1170 ea
762 1129 925 1169 suadent
947 1142 1044 1180 quae
1065 1129 1104 1168 in
1127 1130 1202 1168 fine
1224 1128 1309 1168 libri
1333 1128 1433 1167 Vllll
1451 1134 1488 1167 et
1510 1128 1561 1167 Xl

141 1203 258 1242 huius
289 1202 371 1242 cod.
403 1201 544 1252 scripta
576 1206 686 1239 erant
716 1206 830 1250 atque
860 1205 993 1250 postea
1025 1206 1196 1238 correcta
1230 1204 1334 1237 sunt.
1386 1197 1489 1236 Idem
1524 1204 1561 1236 et

143 1272 283 1311 multas
314 1270 498 1323 epistulas
531 1269 664 1309 omisit
694 1275 732 1308 et
762 1281 807 1306 ex
838 1267 886 1306 iis
918 1267 1011 1319 ipsis
1043 1280 1143 1319 epp„
1182 1279 1278 1318 quas
1307 1266 1560 1313 describebat,

142 1340 284 1380 mirum
331 1340 370 1378 in
418 1338 578 1378 modum
625 1338 733 1378 nullo
775 1343 881 1376 certo
920 1336 1083 1376 consilio
1120 1336 1324 1387 excerpsit,
1371 1335 1560 1387 plurimas

140 1409 401 1462 paragraphus
422 1407 697 1460 praetermisit,
726 1406 860 1446 multis
882 1406 975 1446 locis
997 1419 1044 1445 ex
1065 1418 1141 1445 una
1164 1418 1222 1457 ep.
1247 1403 1383 1444 mediis
1407 1404 1561 1443 omissis

140 1478 250 1517 binas
280 1477 424 1524 effecit,
461 1477 614 1529 saepius
646 1482 774 1529 partes
806 1482 1005 1528 excerptas
1036 1474 1089 1514 ita
1121 1474 1341 1521 coniunxit,
1389 1480 1430 1513 ut
1462 1481 1495 1514 et
1525 1470 1559 1514 ὅ.

141 1547 198 1587 vel
227 1554 262 1586 et
293 1560 321 1586 c.
368 1546 634 1598 interponeret
666 1553 782 1597 atque
809 1546 908 1584 hanc
939 1551 1071 1584 notam
1105 1542 1207 1598 (J
1238 1543 1461 1583 intericeret
1505 1543 1563 1582 vel

140 1618 433 1659 intericiendam
465 1624 638 1665 curaret3
668 1617 774 1656 nullo
801 1630 890 1656 eum
923 1617 963 1655 in
985 1615 1229 1667 excerpendo
1251 1615 1413 1654 consilio
1447 1627 1559 1654 usum

142 1700 226 1727 esse
247 1687 337 1726 inde
357 1694 526 1739 apparet,
550 1687 654 1738 quod
677 1698 789 1738 saepe
813 1698 946 1737 graves
968 1697 1031 1724 res
1054 1684 1197 1725 omisit,
1219 1684 1320 1724 leves
1344 1684 1561 1737 descripsit.

256 1755 331 1803 Qui
371 1756 422 1794 sit
452 1761 577 1795 status
600 1754 683 1794 eius
714 1754 857 1793 codicis
890 1761 1004 1804 atque
1027 1766 1103 1804 quo
1138 1753 1251 1792 modo
1283 1753 1315 1792 is
1338 1753 1406 1804 qui
1439 1753 1562 1805 scrip-

144 1825 194 1865 sit
236 1824 483 1877 excerpserit,
525 1823 675 1863 facilius
706 1823 962 1874 intellegetur,
1009 1835 1097 1862 cum
1144 1821 1236 1873 quid
1283 1835 1328 1862 ex
1365 1822 1484 1862 altero
1517 1823 1561 1862 ad

143 1895 220 1934 Att.
244 1894 342 1933 libro
372 1892 583 1945 scripserit,
616 1891 708 1943 quid
741 1892 926 1939 omiserit,
959 1898 1055 1944 quot
1085 1891 1270 1944 epistulas
1302 1886 1562 1932 co‘nstituerit.

143 1962 452 2015 exposuerimus.
512 1961 643 2001 Prima
681 1961 800 2013 igitur
837 1961 920 2000 eius
960 1960 1048 2000 libri
1087 1973 1145 2013 ep.
1183 1960 1222 1999 in
1259 1959 1389 2000 codice
1426 1960 1563 2013 incipit

147 2032 174 2070 ll
204 2033 236 2077 l,
263 2033 279 2070 1
314 2044 335 2071 a
365 2031 544 2071 Kalendis
573 2025 849 2082 Iunii(!)ennte'
892 2036 930 2070 et
973 2029 1116 2070 desinit
1145 2029 1185 2069 in
1218 2030 1250 2068 Il
1278 2031 1310 2076 1,
1335 2030 1359 2068 4
1406 2038 1438 2069 ec
1470 2043 1563 2082 quae

147 2101 323 2140 dixerim.
362 2124 407 2127 —
439 2100 568 2139 Altera
599 2099 764 2152 epistula
795 2098 933 2151 incipit
964 2112 983 2138 a
1017 2099 1048 2138 ll
1075 2100 1109 2144 1,
1133 2100 1155 2137 5
1190 2098 1300 2146 Quod
1331 2095 1381 2150 tl)
1413 2103 1564 2151 qnaeris

145 2168 330 2208 hominem
360 2175 399 2208 et
419 2168 560 2208 desinit
590 2169 628 2208 in
653 2169 686 2207 ΙΙ
712 2170 746 2215 1,
771 2168 794 2208 S
825 2176 857 2208 et
875 2171 1034 2220 pervicit
1057 2175 1149 2207 cato.
1172 2191 1223 2194 —
1248 2167 1376 2206 Tertia
1399 2168 1563 2219 epistula

146 2237 281 2290 incipit
311 2236 444 2283 a113,
468 2237 490 2276 3
522 2236 609 2277 Fuit
640 2238 742 2289 apud
774 2250 830 2277 me
862 2244 900 2276 et
931 2237 1073 2276 desinit
1104 2237 1143 2276 in
1173 2237 1205 2275 11
1230 2236 1266 2283 3,
1291 2236 1313 2275 3
1346 2250 1421 2276 esse
1455 2238 1563 2276 (lubi-

143 2306 314 2348 tandnm.
344 2332 397 2336 ——
429 2306 573 2353 Quarta
604 2306 767 2358 epistula
799 2306 935 2358 incipit
966 2319 985 2345 a
1019 2306 1109 2351 114,
1137 2307 1154 2344 1
1191 2305 1327 2345 Fecisti
1354 2306 1448 2345 mihi
1474 2319 1563 2358 per-

144 2383 296 2429 9ratum
328 2382 363 2415 et
391 2375 533 2414 desinit
553 2375 593 2414 in
616 2376 646 2414 ll
671 2377 707 2422 4,
734 2377 751 2413 1
773 2378 915 2427 poteris
935 2377 1136 2426 transigas.
1160 2398 1213 2401 —
1235 2374 1377 2418 Quinta
1401 2374 1563 2425 epistula

146 2445 282 2499 incipit
327 2458 347 2483 a
383 2445 414 2483 ll
439 2446 475 2487 4,
501 2444 524 2482 2
556 2444 703 2484 Interea
748 2445 891 2496 quidem
941 2451 978 2483 et
1023 2443 1165 2483 desinit
1211 2444 1249 2482 in
1292 2443 1321 2482 ll
1346 2443 1429 2484 te
1475 2456 1563 2482 saue

148 2516 307 2555 devium..
339 2538 391 2542 —
426 2514 539 2553 Sexta
582 2514 743 2566 epistula
785 2513 921 2565 incipit
952 2526 972 2552 a
1003 2514 1095 2560 115,
1123 2514 1139 2551 1
1179 2512 1295 2564 Cupe'o
1327 2512 1493 2564 equidem
1526 2518 1565 2551 et

148 2583 291 2623 desinit
320 2583 358 2621 in
393 2582 422 2621 ll
448 2583 484 2627 ἵ),
514 2583 527 2620 l
572 2585 701 2621 vicunt
733 2583 985 2622 rumusculos.
1020 2605 1071 2609 —
1104 2582 1276 2634 Septima
1308 2580 1472 2632 epistula
1503 2581 1563 2620 in-

147 2652 241 2704 cipit
277 2665 296 2691 a
327 2652 420 2698 116,
448 2652 462 2689 1
501 2650 610 2698 Quod
649 2651 715 2690 tibi
751 2658 790 2690 et
829 2651 970 2691 desinit
1009 2651 1049 2690 in
1083 2651 1112 2689 ll
1137 2652 1173 2697 (5,
1204 2652 1217 2688 l
1261 2662 1439 2700 maymtm
1471 2661 1564 2701 opus

149 2729 209 2761 est.
249 2743 303 2748 —
345 2720 486 2759 Octava
530 2719 692 2772 epistula
734 2719 871 2772 incipit
909 2733 928 2759 a
967 2720 998 2758 ll
1030 2720 1066 2764 S,
1100 2721 1115 2757 1
1158 2718 1361 2770 Epz'stolam
1401 2731 1485 2758 cum
1525 2724 1564 2758 et
