<?xml version="1.0" encoding="UTF-8"?>
<!DOCTYPE html PUBLIC "-//W3C//DTD XHTML 1.0 Transitional//EN"
    "http://www.w3.org/TR/xhtml1/DTD/xhtml1-transitional.dtd">
<html xmlns="http://www.w3.org/1999/xhtml" xml:lang="en" lang="en">
 <head>
  <title>
</title>
<meta http-equiv="Content-Type" content="text/html;charset=utf-8" />
  <meta name='ocr-system' content='tesseract 3.04.00' />
  <meta name='ocr-capabilities' content='ocr_page ocr_carea ocr_par ocr_line ocrx_word'/>
</head>
<body>
  <div class='ocr_page' id='page_1' title='image "./deciceronisadatt00lehmuoft_0166.png"; bbox 0 0 1821 3077; ppageno 0'>
   <div class='ocr_carea' id='block_1_1' title="bbox 719 170 1171 212">
    <p class='ocr_par' dir='ltr' id='par_1_1' title="bbox 719 170 1171 212">
     <span class='ocr_line' id='line_1_1' title="bbox 719 170 1171 212; baseline 0.007 -3"><span class='ocrx_word' id='word_1_1' title='bbox 719 170 1171 212; x_wconf 84' lang='lat'>——156—</span> 
     </span>
    </p>
   </div>
   <div class='ocr_carea' id='block_1_2' title="bbox 233 287 1661 2603">
    <p class='ocr_par' dir='ltr' id='par_1_2' title="bbox 233 287 1653 615">
     <span class='ocr_line' id='line_1_2' title="bbox 349 287 1651 341; baseline 0.002 -15"><span class='ocrx_word' id='word_1_2' title='bbox 349 288 397 326; x_wconf 84' lang='grc' dir='ltr'>ΙΙΙ</span> <span class='ocrx_word' id='word_1_3' title='bbox 415 288 452 335; x_wconf 87' lang='grc'>9,</span> <span class='ocrx_word' id='word_1_4' title='bbox 471 287 494 325; x_wconf 83' lang='lat'><strong>2</strong></span> <span class='ocrx_word' id='word_1_5' title='bbox 518 291 642 327; x_wconf 76' lang='lat' dir='ltr'>omnia</span> <span class='ocrx_word' id='word_1_6' title='bbox 665 299 792 328; x_wconf 76' lang='lat' dir='ltr'>coram</span> <span class='ocrx_word' id='word_1_7' title='bbox 814 301 966 340; x_wconf 64' lang='lat' dir='ltr'>&lt;tyaneus</span> <span class='ocrx_word' id='word_1_8' title='bbox 988 289 1053 337; x_wconf 81' lang='lat' dir='ltr'>M2,</span> <span class='ocrx_word' id='word_1_9' title='bbox 1072 302 1102 337; x_wconf 86' lang='lat' dir='ltr'>s,</span> <span class='ocrx_word' id='word_1_10' title='bbox 1121 289 1190 336; x_wconf 67' lang='lat'>0²3</span> <span class='ocrx_word' id='word_1_11' title='bbox 1214 293 1341 329; x_wconf 75' lang='lat' dir='ltr'>omnia</span> <span class='ocrx_word' id='word_1_12' title='bbox 1357 303 1507 341; x_wconf 66' lang='lat' dir='ltr'>aqeimcs</span> <span class='ocrx_word' id='word_1_13' title='bbox 1523 302 1651 329; x_wconf 78' lang='lat' dir='ltr'>coram</span> 
     </span>
     <span class='ocr_line' id='line_1_3' title="bbox 234 354 1648 409; baseline 0.001 -14"><span class='ocrx_word' id='word_1_14' title='bbox 234 356 308 395; x_wconf 78' lang='lat' dir='ltr'>M¹z</span> <span class='ocrx_word' id='word_1_15' title='bbox 335 354 494 409; x_wconf 78' lang='lat' dir='ltr'>[omnia]</span> <span class='ocrx_word' id='word_1_16' title='bbox 529 368 655 396; x_wconf 80' lang='lat' dir='ltr'>coram</span> <span class='ocrx_word' id='word_1_17' title='bbox 687 369 838 408; x_wconf 72' lang='lat' dir='ltr'>ayemus</span> <span class='ocrx_word' id='word_1_18' title='bbox 869 357 909 404; x_wconf 89' lang='lat' dir='ltr'>E,</span> <span class='ocrx_word' id='word_1_19' title='bbox 932 357 977 405; x_wconf 88' lang='lat' dir='ltr'>N,</span> <span class='ocrx_word' id='word_1_20' title='bbox 1003 357 1048 404; x_wconf 89' lang='lat' dir='ltr'>H,</span> <span class='ocrx_word' id='word_1_21' title='bbox 1071 356 1135 405; x_wconf 53' lang='grc' dir='ltr'>Οἳ,</span> <span class='ocrx_word' id='word_1_22' title='bbox 1158 357 1200 396; x_wconf 92' lang='lat' dir='ltr'>P.</span> <span class='ocrx_word' id='word_1_23' title='bbox 1234 381 1287 386; x_wconf 81' lang='lat'>-—</span> <span class='ocrx_word' id='word_1_24' title='bbox 1320 358 1400 396; x_wconf 70' lang='lat' dir='ltr'>Vltt</span> <span class='ocrx_word' id='word_1_25' title='bbox 1423 358 1459 405; x_wconf 80' lang='lat'>9,</span> <span class='ocrx_word' id='word_1_26' title='bbox 1484 357 1506 397; x_wconf 84' lang='lat'><strong>3</strong></span> <span class='ocrx_word' id='word_1_27' title='bbox 1528 359 1648 398; x_wconf 67' lang='lat' dir='ltr'>mttlto</span> 
     </span>
     <span class='ocr_line' id='line_1_4' title="bbox 234 423 1653 479; baseline 0.004 -18"><span class='ocrx_word' id='word_1_28' title='bbox 234 427 360 464; x_wconf 75' lang='lat' dir='ltr'>minus</span> <span class='ocrx_word' id='word_1_29' title='bbox 399 423 623 476; x_wconf 74' lang='lat' dir='ltr'>&lt;movebant</span> <span class='ocrx_word' id='word_1_30' title='bbox 658 424 808 477; x_wconf 74' lang='lat' dir='ltr'>minus&gt;</span> <span class='ocrx_word' id='word_1_31' title='bbox 849 426 978 465; x_wconf 80' lang='lat' dir='ltr'>crebro</span> <span class='ocrx_word' id='word_1_32' title='bbox 1012 430 1070 465; x_wconf 70' lang='lat' dir='ltr'>J:</span> <span class='ocrx_word' id='word_1_33' title='bbox 1118 427 1232 465; x_wconf 77' lang='lat' dir='ltr'>multo</span> <span class='ocrx_word' id='word_1_34' title='bbox 1272 430 1398 466; x_wconf 73' lang='lat' dir='ltr'>minus</span> <span class='ocrx_word' id='word_1_35' title='bbox 1441 425 1653 479; x_wconf 73' lang='lat' dir='ltr'>[movebant</span> 
     </span>
     <span class='ocr_line' id='line_1_5' title="bbox 233 491 1650 547; baseline 0.001 -16"><span class='ocrx_word' id='word_1_36' title='bbox 233 491 375 546; x_wconf 65' lang='grc' dir='ltr'>φηὶηιιε]</span> <span class='ocrx_word' id='word_1_37' title='bbox 411 494 539 533; x_wconf 85' lang='lat' dir='ltr'>crebro</span> <span class='ocrx_word' id='word_1_38' title='bbox 571 493 612 541; x_wconf 81' lang='grc' dir='ltr'>Ε,</span> <span class='ocrx_word' id='word_1_39' title='bbox 638 494 682 541; x_wconf 89' lang='grc' dir='ltr'>Ο,</span> <span class='ocrx_word' id='word_1_40' title='bbox 704 494 748 533; x_wconf 91' lang='lat' dir='ltr'>R.</span> <span class='ocrx_word' id='word_1_41' title='bbox 791 518 846 521; x_wconf 73' lang='lat'>—</span> <span class='ocrx_word' id='word_1_42' title='bbox 892 495 942 533; x_wconf 87' lang='lat' dir='ltr'>lX</span> <span class='ocrx_word' id='word_1_43' title='bbox 964 494 1001 541; x_wconf 83' lang='lat'>8,</span> <span class='ocrx_word' id='word_1_44' title='bbox 1027 496 1045 532; x_wconf 89' lang='lat'>1</span> <span class='ocrx_word' id='word_1_45' title='bbox 1081 495 1178 546; x_wconf 79' lang='lat' dir='ltr'>quod</span> <span class='ocrx_word' id='word_1_46' title='bbox 1210 494 1374 547; x_wconf 79' lang='lat' dir='ltr'>&lt;modo&gt;</span> <span class='ocrx_word' id='word_1_47' title='bbox 1409 498 1559 547; x_wconf 74' lang='lat' dir='ltr'>quaeris</span> <span class='ocrx_word' id='word_1_48' title='bbox 1591 500 1650 535; x_wconf 80' lang='lat' dir='ltr'>A:</span> 
     </span>
     <span class='ocr_line' id='line_1_6' title="bbox 235 560 1478 615; baseline 0.002 -15"><span class='ocrx_word' id='word_1_49' title='bbox 235 562 332 613; x_wconf 81' lang='lat' dir='ltr'>quod</span> <span class='ocrx_word' id='word_1_50' title='bbox 367 560 508 615; x_wconf 84' lang='lat' dir='ltr'>[modo]</span> <span class='ocrx_word' id='word_1_51' title='bbox 544 565 695 614; x_wconf 70' lang='lat' dir='ltr'>quaeris</span> <span class='ocrx_word' id='word_1_52' title='bbox 726 562 766 609; x_wconf 83' lang='lat' dir='ltr'>E,</span> <span class='ocrx_word' id='word_1_53' title='bbox 791 563 821 602; x_wconf 93' lang='grc' dir='ltr'><strong>Ο</strong></span> <span class='ocrx_word' id='word_1_54' title='bbox 846 561 911 611; x_wconf 64' lang='grc' dir='ltr'>(Ῡ),</span> <span class='ocrx_word' id='word_1_55' title='bbox 935 562 978 610; x_wconf 81' lang='lat' dir='ltr'>R,</span> <span class='ocrx_word' id='word_1_56' title='bbox 1002 565 1104 610; x_wconf 63' lang='lat' dir='ltr'>Aut„</span> <span class='ocrx_word' id='word_1_57' title='bbox 1126 563 1227 602; x_wconf 77' lang='lat' dir='ltr'>Maff.</span> <span class='ocrx_word' id='word_1_58' title='bbox 1260 563 1358 615; x_wconf 89' lang='lat' dir='ltr'>apud</span> <span class='ocrx_word' id='word_1_59' title='bbox 1393 563 1478 602; x_wconf 82' lang='lat' dir='ltr'>Mal.</span> 
     </span>
    </p>

    <p class='ocr_par' dir='ltr' id='par_1_3' title="bbox 233 630 1661 2603">
     <span class='ocr_line' id='line_1_7' title="bbox 348 630 1652 684; baseline 0.002 -15"><span class='ocrx_word' id='word_1_60' title='bbox 348 630 477 669; x_wconf 84' lang='lat' dir='ltr'>Talem</span> <span class='ocrx_word' id='word_1_61' title='bbox 514 636 552 670; x_wconf 71' lang='lat' dir='ltr'><em>A</em></span> <span class='ocrx_word' id='word_1_62' title='bbox 584 631 703 670; x_wconf 83' lang='lat' dir='ltr'>fuisse</span> <span class='ocrx_word' id='word_1_63' title='bbox 734 639 936 682; x_wconf 57' lang='lat' dir='ltr'>putamus}</span> <span class='ocrx_word' id='word_1_64' title='bbox 979 644 1023 670; x_wconf 81' lang='lat' dir='ltr'>ex</span> <span class='ocrx_word' id='word_1_65' title='bbox 1055 645 1133 683; x_wconf 90' lang='lat' dir='ltr'>quo</span> <span class='ocrx_word' id='word_1_66' title='bbox 1163 632 1314 683; x_wconf 85' lang='lat' dir='ltr'>primus</span> <span class='ocrx_word' id='word_1_67' title='bbox 1345 640 1403 671; x_wconf 85' lang='lat' dir='ltr'>est</span> <span class='ocrx_word' id='word_1_68' title='bbox 1434 633 1652 684; x_wconf 86' lang='lat' dir='ltr'>descriptus</span> 
     </span>
     <span class='ocr_line' id='line_1_8' title="bbox 234 699 1651 752; baseline 0.002 -15"><span class='ocrx_word' id='word_1_69' title='bbox 234 699 283 746; x_wconf 83' lang='lat' dir='ltr'>M,</span> <span class='ocrx_word' id='word_1_70' title='bbox 330 699 396 738; x_wconf 90' lang='lat' dir='ltr'>sed</span> <span class='ocrx_word' id='word_1_71' title='bbox 435 699 498 746; x_wconf 87' lang='lat' dir='ltr'>ita,</span> <span class='ocrx_word' id='word_1_72' title='bbox 548 706 590 738; x_wconf 91' lang='lat' dir='ltr'>ut</span> <span class='ocrx_word' id='word_1_73' title='bbox 627 699 843 738; x_wconf 80' lang='lat' dir='ltr'>incredibili</span> <span class='ocrx_word' id='word_1_74' title='bbox 876 713 1009 739; x_wconf 91' lang='lat' dir='ltr'>eorum</span> <span class='ocrx_word' id='word_1_75' title='bbox 1043 700 1110 751; x_wconf 90' lang='lat' dir='ltr'>qui</span> <span class='ocrx_word' id='word_1_76' title='bbox 1141 701 1383 752; x_wconf 85' lang='lat' dir='ltr'>scripserunt</span> <span class='ocrx_word' id='word_1_77' title='bbox 1414 701 1651 752; x_wconf 69' lang='lat' dir='ltr'>neglegentia</span> 
     </span>
     <span class='ocr_line' id='line_1_9' title="bbox 236 767 1651 820; baseline 0.001 -14"><span class='ocrx_word' id='word_1_78' title='bbox 236 767 415 820; x_wconf 83' lang='lat' dir='ltr'>plurimis</span> <span class='ocrx_word' id='word_1_79' title='bbox 446 768 540 806; x_wconf 86' lang='lat' dir='ltr'>locis</span> <span class='ocrx_word' id='word_1_80' title='bbox 576 775 702 807; x_wconf 81' lang='lat' dir='ltr'>textus</span> <span class='ocrx_word' id='word_1_81' title='bbox 735 777 1065 820; x_wconf 80' lang='lat' dir='ltr'>corrumperetur.</span> <span class='ocrx_word' id='word_1_82' title='bbox 1126 769 1200 816; x_wconf 85' lang='lat' dir='ltr'>Qui</span> <span class='ocrx_word' id='word_1_83' title='bbox 1231 769 1350 808; x_wconf 80' lang='lat' dir='ltr'>codex</span> <span class='ocrx_word' id='word_1_84' title='bbox 1381 782 1469 808; x_wconf 87' lang='lat' dir='ltr'>cum</span> <span class='ocrx_word' id='word_1_85' title='bbox 1503 769 1651 809; x_wconf 85' lang='lat' dir='ltr'>Medio-</span> 
     </span>
     <span class='ocr_line' id='line_1_10' title="bbox 234 834 1652 889; baseline 0.001 -14"><span class='ocrx_word' id='word_1_86' title='bbox 234 837 320 875; x_wconf 82' lang='lat' dir='ltr'>lano</span> <span class='ocrx_word' id='word_1_87' title='bbox 332 834 368 885; x_wconf 87' lang='lat'>*)</span> <span class='ocrx_word' id='word_1_88' title='bbox 392 836 629 875; x_wconf 76' lang='lat' dir='ltr'>Florentiam</span> <span class='ocrx_word' id='word_1_89' title='bbox 654 837 693 875; x_wconf 89' lang='lat' dir='ltr'>in</span> <span class='ocrx_word' id='word_1_90' title='bbox 717 837 989 876; x_wconf 78' lang='lat' dir='ltr'>bibliothecam</span> <span class='ocrx_word' id='word_1_91' title='bbox 1013 837 1180 877; x_wconf 84' lang='lat' dir='ltr'>Coluccii</span> <span class='ocrx_word' id='word_1_92' title='bbox 1203 838 1455 889; x_wconf 81' lang='lat' dir='ltr'>pervenisset,</span> <span class='ocrx_word' id='word_1_93' title='bbox 1487 838 1548 877; x_wconf 90' lang='lat' dir='ltr'>alii</span> <span class='ocrx_word' id='word_1_94' title='bbox 1581 838 1652 876; x_wconf 87' lang='lat' dir='ltr'>viri</span> 
     </span>
     <span class='ocr_line' id='line_1_11' title="bbox 238 905 1653 958; baseline 0.002 -15"><span class='ocrx_word' id='word_1_95' title='bbox 238 905 339 944; x_wconf 90' lang='lat' dir='ltr'>docti</span> <span class='ocrx_word' id='word_1_96' title='bbox 362 905 586 953; x_wconf 87' lang='lat' dir='ltr'>Florentini,</span> <span class='ocrx_word' id='word_1_97' title='bbox 620 906 699 944; x_wconf 77' lang='lat' dir='ltr'>sive</span> <span class='ocrx_word' id='word_1_98' title='bbox 725 906 827 957; x_wconf 88' lang='lat' dir='ltr'>quod</span> <span class='ocrx_word' id='word_1_99' title='bbox 860 906 1133 958; x_wconf 76' lang='lat' dir='ltr'>intellegebant</span> <span class='ocrx_word' id='word_1_100' title='bbox 1163 919 1278 958; x_wconf 89' lang='lat' dir='ltr'>quam</span> <span class='ocrx_word' id='word_1_101' title='bbox 1311 913 1518 958; x_wconf 87' lang='lat' dir='ltr'>corruptus</span> <span class='ocrx_word' id='word_1_102' title='bbox 1550 913 1653 946; x_wconf 87' lang='lat' dir='ltr'>esset</span> 
     </span>
     <span class='ocr_line' id='line_1_12' title="bbox 236 974 1652 1026; baseline 0.001 -13"><span class='ocrx_word' id='word_1_103' title='bbox 236 975 356 1013; x_wconf 85' lang='lat' dir='ltr'>codex</span> <span class='ocrx_word' id='word_1_104' title='bbox 394 974 472 1013; x_wconf 89' lang='lat' dir='ltr'>sive</span> <span class='ocrx_word' id='word_1_105' title='bbox 510 974 612 1025; x_wconf 88' lang='lat' dir='ltr'>quod</span> <span class='ocrx_word' id='word_1_106' title='bbox 647 986 723 1013; x_wconf 88' lang='lat' dir='ltr'>non</span> <span class='ocrx_word' id='word_1_107' title='bbox 754 974 864 1013; x_wconf 83' lang='lat' dir='ltr'>facile</span> <span class='ocrx_word' id='word_1_108' title='bbox 896 981 979 1013; x_wconf 80' lang='lat' dir='ltr'>erat</span> <span class='ocrx_word' id='word_1_109' title='bbox 1009 975 1183 1026; x_wconf 81' lang='lat' dir='ltr'>exempla</span> <span class='ocrx_word' id='word_1_110' title='bbox 1215 987 1260 1013; x_wconf 84' lang='lat' dir='ltr'>ex</span> <span class='ocrx_word' id='word_1_111' title='bbox 1293 975 1329 1013; x_wconf 78' lang='lat' dir='ltr'><strong>M</strong></span> <span class='ocrx_word' id='word_1_112' title='bbox 1360 974 1551 1026; x_wconf 88' lang='lat' dir='ltr'>descripta</span> <span class='ocrx_word' id='word_1_113' title='bbox 1583 976 1652 1014; x_wconf 87' lang='lat' dir='ltr'>ad-</span> 
     </span>
     <span class='ocr_line' id='line_1_13' title="bbox 236 1043 1651 1095; baseline 0.001 -13"><span class='ocrx_word' id='word_1_114' title='bbox 236 1043 357 1094; x_wconf 86' lang='lat' dir='ltr'>sequi,</span> <span class='ocrx_word' id='word_1_115' title='bbox 404 1043 555 1082; x_wconf 84' lang='lat' dir='ltr'>codices</span> <span class='ocrx_word' id='word_1_116' title='bbox 598 1056 642 1082; x_wconf 83' lang='lat' dir='ltr'>ex</span> <span class='ocrx_word' id='word_1_117' title='bbox 675 1043 809 1082; x_wconf 85' lang='lat' dir='ltr'>codem</span> <span class='ocrx_word' id='word_1_118' title='bbox 844 1048 883 1082; x_wconf 67' lang='grc'>,1</span> <span class='ocrx_word' id='word_1_119' title='bbox 915 1056 961 1081; x_wconf 84' lang='lat' dir='ltr'>ex</span> <span class='ocrx_word' id='word_1_120' title='bbox 991 1056 1068 1094; x_wconf 87' lang='lat' dir='ltr'>quo</span> <span class='ocrx_word' id='word_1_121' title='bbox 1099 1043 1136 1082; x_wconf 84' lang='lat' dir='ltr'><strong>M</strong></span> <span class='ocrx_word' id='word_1_122' title='bbox 1167 1044 1364 1095; x_wconf 83' lang='lat' dir='ltr'>profectus</span> <span class='ocrx_word' id='word_1_123' title='bbox 1397 1050 1478 1082; x_wconf 87' lang='lat' dir='ltr'>erat</span> <span class='ocrx_word' id='word_1_124' title='bbox 1510 1043 1651 1095; x_wconf 86' lang='lat' dir='ltr'>petisse</span> 
     </span>
     <span class='ocr_line' id='line_1_14' title="bbox 237 1112 1652 1163; baseline 0.001 -14"><span class='ocrx_word' id='word_1_125' title='bbox 237 1112 427 1151; x_wconf 87' lang='lat' dir='ltr'>videntur.</span> <span class='ocrx_word' id='word_1_126' title='bbox 477 1112 583 1159; x_wconf 85' lang='lat' dir='ltr'>Quos</span> <span class='ocrx_word' id='word_1_127' title='bbox 615 1124 702 1151; x_wconf 88' lang='lat' dir='ltr'>cum</span> <span class='ocrx_word' id='word_1_128' title='bbox 736 1112 986 1163; x_wconf 78' lang='lat' dir='ltr'>accepissent,</span> <span class='ocrx_word' id='word_1_129' title='bbox 1020 1119 1057 1151; x_wconf 88' lang='lat' dir='ltr'>et</span> <span class='ocrx_word' id='word_1_130' title='bbox 1091 1119 1237 1151; x_wconf 80' lang='lat' dir='ltr'>textum</span> <span class='ocrx_word' id='word_1_131' title='bbox 1271 1112 1543 1151; x_wconf 86' lang='lat' dir='ltr'>correctiorem</span> <span class='ocrx_word' id='word_1_132' title='bbox 1581 1113 1652 1151; x_wconf 90' lang='lat' dir='ltr'>ha-</span> 
     </span>
     <span class='ocr_line' id='line_1_15' title="bbox 236 1180 1652 1232; baseline 0.001 -13"><span class='ocrx_word' id='word_1_133' title='bbox 236 1180 378 1219; x_wconf 88' lang='lat' dir='ltr'>bebant</span> <span class='ocrx_word' id='word_1_134' title='bbox 405 1186 443 1219; x_wconf 87' lang='lat' dir='ltr'>et</span> <span class='ocrx_word' id='word_1_135' title='bbox 473 1193 536 1219; x_wconf 89' lang='lat' dir='ltr'>eas</span> <span class='ocrx_word' id='word_1_136' title='bbox 565 1180 762 1232; x_wconf 81' lang='lat' dir='ltr'>epistulas,</span> <span class='ocrx_word' id='word_1_137' title='bbox 794 1194 889 1232; x_wconf 88' lang='lat' dir='ltr'>quas</span> <span class='ocrx_word' id='word_1_138' title='bbox 922 1180 957 1219; x_wconf 88' lang='lat' dir='ltr'><strong>M</strong></span> <span class='ocrx_word' id='word_1_139' title='bbox 981 1181 1124 1228; x_wconf 84' lang='lat' dir='ltr'>omisit,</span> <span class='ocrx_word' id='word_1_140' title='bbox 1156 1180 1195 1219; x_wconf 90' lang='lat' dir='ltr'>in</span> <span class='ocrx_word' id='word_1_141' title='bbox 1225 1180 1421 1232; x_wconf 85' lang='lat' dir='ltr'>plerisque</span> <span class='ocrx_word' id='word_1_142' title='bbox 1454 1181 1652 1220; x_wconf 85' lang='lat' dir='ltr'>codicibus</span> 
     </span>
     <span class='ocr_line' id='line_1_16' title="bbox 235 1248 1651 1297; baseline 0.001 -9"><span class='ocrx_word' id='word_1_143' title='bbox 235 1250 489 1296; x_wconf 72' lang='lat' dir='ltr'>invenerunt,</span> <span class='ocrx_word' id='word_1_144' title='bbox 522 1250 663 1288; x_wconf 88' lang='lat' dir='ltr'>etenim</span> <span class='ocrx_word' id='word_1_145' title='bbox 697 1262 784 1288; x_wconf 88' lang='lat' dir='ltr'>cum</span> <span class='ocrx_word' id='word_1_146' title='bbox 826 1250 838 1287; x_wconf 90' lang='lat'><em>1</em></span> <span class='ocrx_word' id='word_1_147' title='bbox 870 1249 932 1297; x_wconf 76' lang='lat'>18,</span> <span class='ocrx_word' id='word_1_148' title='bbox 965 1250 1113 1297; x_wconf 78' lang='lat'>1-19,</span> <span class='ocrx_word' id='word_1_149' title='bbox 1146 1250 1193 1288; x_wconf 89' lang='lat'>11</span> <span class='ocrx_word' id='word_1_150' title='bbox 1243 1255 1280 1288; x_wconf 86' lang='lat' dir='ltr'>et</span> <span class='ocrx_word' id='word_1_151' title='bbox 1309 1249 1391 1288; x_wconf 69' lang='grc' dir='ltr'>ΧΠ</span> <span class='ocrx_word' id='word_1_152' title='bbox 1422 1249 1485 1297; x_wconf 86' lang='grc'>16,</span> <span class='ocrx_word' id='word_1_153' title='bbox 1514 1248 1651 1289; x_wconf 83' lang='grc'><strong>8-18</strong></span> 
     </span>
     <span class='ocr_line' id='line_1_17' title="bbox 233 1317 1653 1370; baseline 0.001 -14"><span class='ocrx_word' id='word_1_154' title='bbox 233 1331 360 1369; x_wconf 90' lang='lat' dir='ltr'>neque</span> <span class='ocrx_word' id='word_1_155' title='bbox 392 1330 436 1356; x_wconf 86' lang='lat' dir='ltr'>ex</span> <span class='ocrx_word' id='word_1_156' title='bbox 468 1319 505 1357; x_wconf 81' lang='grc' dir='ltr'><em>Σ</em></span> <span class='ocrx_word' id='word_1_157' title='bbox 533 1330 658 1369; x_wconf 88' lang='lat' dir='ltr'>neque</span> <span class='ocrx_word' id='word_1_158' title='bbox 691 1331 735 1356; x_wconf 79' lang='lat' dir='ltr'>ex</span> <span class='ocrx_word' id='word_1_159' title='bbox 757 1317 864 1356; x_wconf 82' lang='lat' dir='ltr'>CWZ</span> <span class='ocrx_word' id='word_1_160' title='bbox 897 1325 1051 1370; x_wconf 84' lang='lat' dir='ltr'>sumpta</span> <span class='ocrx_word' id='word_1_161' title='bbox 1084 1318 1163 1357; x_wconf 84' lang='lat' dir='ltr'>sint</span> <span class='ocrx_word' id='word_1_162' title='bbox 1193 1318 1373 1369; x_wconf 82' lang='lat' dir='ltr'>idemque</span> <span class='ocrx_word' id='word_1_163' title='bbox 1405 1324 1569 1357; x_wconf 78' lang='lat' dir='ltr'>stemma</span> <span class='ocrx_word' id='word_1_164' title='bbox 1602 1319 1653 1357; x_wconf 89' lang='lat' dir='ltr'>sit</span> 
     </span>
     <span class='ocr_line' id='line_1_18' title="bbox 233 1386 1653 1438; baseline 0.001 -13"><span class='ocrx_word' id='word_1_165' title='bbox 233 1386 410 1426; x_wconf 89' lang='lat' dir='ltr'>codicum</span> <span class='ocrx_word' id='word_1_166' title='bbox 436 1393 602 1438; x_wconf 85' lang='lat' dir='ltr'>utroque</span> <span class='ocrx_word' id='word_1_167' title='bbox 628 1387 724 1434; x_wconf 89' lang='lat' dir='ltr'>loco,</span> <span class='ocrx_word' id='word_1_168' title='bbox 746 1393 931 1438; x_wconf 89' lang='lat' dir='ltr'>putamus</span> <span class='ocrx_word' id='word_1_169' title='bbox 954 1400 998 1425; x_wconf 90' lang='lat' dir='ltr'>eo</span> <span class='ocrx_word' id='word_1_170' title='bbox 1023 1393 1207 1438; x_wconf 89' lang='lat' dir='ltr'>tempore,</span> <span class='ocrx_word' id='word_1_171' title='bbox 1240 1400 1316 1438; x_wconf 87' lang='lat' dir='ltr'>quo</span> <span class='ocrx_word' id='word_1_172' title='bbox 1348 1387 1434 1426; x_wconf 90' lang='lat' dir='ltr'>illae</span> <span class='ocrx_word' id='word_1_173' title='bbox 1465 1387 1653 1438; x_wconf 86' lang='lat' dir='ltr'>epistulae</span> 
     </span>
     <span class='ocr_line' id='line_1_19' title="bbox 235 1455 1650 1507; baseline 0 -13"><span class='ocrx_word' id='word_1_174' title='bbox 235 1456 272 1494; x_wconf 90' lang='lat' dir='ltr'>in</span> <span class='ocrx_word' id='word_1_175' title='bbox 306 1461 413 1494; x_wconf 82' lang='lat' dir='ltr'>textu</span> <span class='ocrx_word' id='word_1_176' title='bbox 446 1455 684 1506; x_wconf 89' lang='lat' dir='ltr'>reliquorum</span> <span class='ocrx_word' id='word_1_177' title='bbox 718 1455 895 1494; x_wconf 88' lang='lat' dir='ltr'>codicum</span> <span class='ocrx_word' id='word_1_178' title='bbox 927 1455 1074 1507; x_wconf 76' lang='lat' dir='ltr'>positae</span> <span class='ocrx_word' id='word_1_179' title='bbox 1107 1462 1210 1502; x_wconf 84' lang='lat' dir='ltr'>sunt,</span> <span class='ocrx_word' id='word_1_180' title='bbox 1243 1455 1371 1507; x_wconf 86' lang='lat' dir='ltr'>ipsum</span> <span class='ocrx_word' id='word_1_181' title='bbox 1406 1459 1444 1495; x_wconf 79' lang='lat' dir='ltr'><em>A</em></span> <span class='ocrx_word' id='word_1_182' title='bbox 1476 1456 1650 1494; x_wconf 85' lang='lat' dir='ltr'>noudum</span> 
     </span>
     <span class='ocr_line' id='line_1_20' title="bbox 235 1523 1652 1575; baseline 0.001 -13"><span class='ocrx_word' id='word_1_183' title='bbox 235 1524 393 1575; x_wconf 84' lang='lat' dir='ltr'>perisse.</span> <span class='ocrx_word' id='word_1_184' title='bbox 461 1524 508 1563; x_wconf 90' lang='lat' dir='ltr'>Et</span> <span class='ocrx_word' id='word_1_185' title='bbox 552 1531 693 1570; x_wconf 85' lang='lat' dir='ltr'>tamen,</span> <span class='ocrx_word' id='word_1_186' title='bbox 740 1536 828 1562; x_wconf 88' lang='lat' dir='ltr'>cum</span> <span class='ocrx_word' id='word_1_187' title='bbox 873 1523 1068 1562; x_wconf 87' lang='lat' dir='ltr'>neminem</span> <span class='ocrx_word' id='word_1_188' title='bbox 1115 1526 1275 1575; x_wconf 81' lang='lat' dir='ltr'>sugeret,</span> <span class='ocrx_word' id='word_1_189' title='bbox 1326 1523 1457 1562; x_wconf 86' lang='lat' dir='ltr'>multis</span> <span class='ocrx_word' id='word_1_190' title='bbox 1503 1524 1652 1563; x_wconf 88' lang='lat' dir='ltr'>mendis</span> 
     </span>
     <span class='ocr_line' id='line_1_21' title="bbox 238 1592 1655 1644; baseline 0 -13"><span class='ocrx_word' id='word_1_191' title='bbox 238 1599 388 1632; x_wconf 82' lang='lat' dir='ltr'>textum</span> <span class='ocrx_word' id='word_1_192' title='bbox 421 1605 555 1631; x_wconf 89' lang='lat' dir='ltr'>earum</span> <span class='ocrx_word' id='word_1_193' title='bbox 588 1592 841 1644; x_wconf 79' lang='lat' dir='ltr'>epistularum</span> <span class='ocrx_word' id='word_1_194' title='bbox 875 1593 1060 1639; x_wconf 81' lang='lat' dir='ltr'>laborare,</span> <span class='ocrx_word' id='word_1_195' title='bbox 1093 1599 1283 1643; x_wconf 87' lang='lat' dir='ltr'>quantum</span> <span class='ocrx_word' id='word_1_196' title='bbox 1312 1592 1475 1643; x_wconf 86' lang='lat' dir='ltr'>quisque</span> <span class='ocrx_word' id='word_1_197' title='bbox 1503 1599 1655 1644; x_wconf 84' lang='lat' dir='ltr'>poterat</span> 
     </span>
     <span class='ocr_line' id='line_1_22' title="bbox 240 1661 1654 1709; baseline 0 -9"><span class='ocrx_word' id='word_1_198' title='bbox 240 1661 471 1709; x_wconf 82' lang='lat' dir='ltr'>enitebatur,</span> <span class='ocrx_word' id='word_1_199' title='bbox 511 1669 552 1700; x_wconf 87' lang='lat' dir='ltr'>ut</span> <span class='ocrx_word' id='word_1_200' title='bbox 582 1661 654 1700; x_wconf 76' lang='lat' dir='ltr'>ista</span> <span class='ocrx_word' id='word_1_201' title='bbox 686 1662 826 1700; x_wconf 82' lang='lat' dir='ltr'>menda</span> <span class='ocrx_word' id='word_1_202' title='bbox 859 1662 916 1699; x_wconf 85' lang='lat' dir='ltr'>vel</span> <span class='ocrx_word' id='word_1_203' title='bbox 949 1662 1105 1700; x_wconf 86' lang='lat' dir='ltr'>meliore</span> <span class='ocrx_word' id='word_1_204' title='bbox 1136 1661 1300 1700; x_wconf 87' lang='lat' dir='ltr'>lectione</span> <span class='ocrx_word' id='word_1_205' title='bbox 1333 1661 1486 1700; x_wconf 82' lang='lat' dir='ltr'>aliunde</span> <span class='ocrx_word' id='word_1_206' title='bbox 1519 1662 1654 1700; x_wconf 82' lang='lat' dir='ltr'>hausta</span> 
     </span>
     <span class='ocr_line' id='line_1_23' title="bbox 235 1729 1656 1777; baseline 0 -8"><span class='ocrx_word' id='word_1_207' title='bbox 235 1731 295 1769; x_wconf 79' lang='lat' dir='ltr'>vel</span> <span class='ocrx_word' id='word_1_208' title='bbox 328 1730 564 1770; x_wconf 88' lang='lat' dir='ltr'>coniecturis</span> <span class='ocrx_word' id='word_1_209' title='bbox 597 1731 760 1769; x_wconf 84' lang='lat' dir='ltr'>tolleret.</span> <span class='ocrx_word' id='word_1_210' title='bbox 813 1730 867 1768; x_wconf 86' lang='lat' dir='ltr'>lta</span> <span class='ocrx_word' id='word_1_211' title='bbox 898 1731 1042 1769; x_wconf 81' lang='lat' dir='ltr'>sactum</span> <span class='ocrx_word' id='word_1_212' title='bbox 1083 1737 1158 1777; x_wconf 87' lang='lat' dir='ltr'>est,</span> <span class='ocrx_word' id='word_1_213' title='bbox 1208 1737 1249 1768; x_wconf 85' lang='lat' dir='ltr'>ut</span> <span class='ocrx_word' id='word_1_214' title='bbox 1291 1730 1434 1769; x_wconf 83' lang='lat' dir='ltr'>multae</span> <span class='ocrx_word' id='word_1_215' title='bbox 1470 1729 1656 1769; x_wconf 86' lang='lat' dir='ltr'>lectiones</span> 
     </span>
     <span class='ocr_line' id='line_1_24' title="bbox 236 1798 1658 1850; baseline 0 -12"><span class='ocrx_word' id='word_1_216' title='bbox 236 1812 283 1838; x_wconf 80' lang='lat' dir='ltr'>ex</span> <span class='ocrx_word' id='word_1_217' title='bbox 313 1801 350 1838; x_wconf 78' lang='grc' dir='ltr'><em>Σ</em></span> <span class='ocrx_word' id='word_1_218' title='bbox 378 1800 418 1838; x_wconf 87' lang='lat' dir='ltr'>in</span> <span class='ocrx_word' id='word_1_219' title='bbox 450 1803 490 1838; x_wconf 81' lang='lat' dir='ltr'><em>A</em></span> <span class='ocrx_word' id='word_1_220' title='bbox 523 1800 753 1850; x_wconf 54' lang='lat' dir='ltr'>infigi-areum</span> <span class='ocrx_word' id='word_1_221' title='bbox 786 1800 919 1838; x_wconf 87' lang='lat' dir='ltr'>eodem</span> <span class='ocrx_word' id='word_1_222' title='bbox 955 1812 1043 1837; x_wconf 80' lang='lat' dir='ltr'>vero</span> <span class='ocrx_word' id='word_1_223' title='bbox 1076 1798 1190 1837; x_wconf 87' lang='lat' dir='ltr'>modo</span> <span class='ocrx_word' id='word_1_224' title='bbox 1222 1811 1310 1837; x_wconf 90' lang='lat' dir='ltr'>cum</span> <span class='ocrx_word' id='word_1_225' title='bbox 1344 1800 1487 1838; x_wconf 87' lang='lat' dir='ltr'>factum</span> <span class='ocrx_word' id='word_1_226' title='bbox 1520 1799 1581 1846; x_wconf 91' lang='lat' dir='ltr'>sit,</span> <span class='ocrx_word' id='word_1_227' title='bbox 1616 1805 1658 1838; x_wconf 85' lang='lat' dir='ltr'>ut</span> 
     </span>
     <span class='ocr_line' id='line_1_25' title="bbox 237 1867 1655 1917; baseline -0.001 -11"><span class='ocrx_word' id='word_1_228' title='bbox 237 1867 335 1907; x_wconf 87' lang='lat' dir='ltr'>alius</span> <span class='ocrx_word' id='word_1_229' title='bbox 382 1869 500 1907; x_wconf 81' lang='lat' dir='ltr'>codex</span> <span class='ocrx_word' id='word_1_230' title='bbox 546 1880 592 1906; x_wconf 86' lang='lat' dir='ltr'>ex</span> <span class='ocrx_word' id='word_1_231' title='bbox 637 1867 710 1906; x_wconf 88' lang='lat' dir='ltr'>alio</span> <span class='ocrx_word' id='word_1_232' title='bbox 756 1867 886 1906; x_wconf 86' lang='lat' dir='ltr'>codice</span> <span class='ocrx_word' id='word_1_233' title='bbox 927 1867 1100 1905; x_wconf 86' lang='lat' dir='ltr'>eiusdem</span> <span class='ocrx_word' id='word_1_234' title='bbox 1141 1867 1273 1906; x_wconf 81' lang='lat' dir='ltr'>classis</span> <span class='ocrx_word' id='word_1_235' title='bbox 1309 1870 1347 1905; x_wconf 75' lang='lat' dir='ltr'><em>A</em></span> <span class='ocrx_word' id='word_1_236' title='bbox 1385 1867 1655 1917; x_wconf 83' lang='lat' dir='ltr'>corrigeretur,</span> 
     </span>
     <span class='ocr_line' id='line_1_26' title="bbox 242 1935 1658 1987; baseline 0 -13"><span class='ocrx_word' id='word_1_237' title='bbox 242 1936 463 1975; x_wconf 81' lang='lat' dir='ltr'>distinctius</span> <span class='ocrx_word' id='word_1_238' title='bbox 494 1944 608 1987; x_wconf 87' lang='lat' dir='ltr'>atque</span> <span class='ocrx_word' id='word_1_239' title='bbox 641 1936 859 1975; x_wconf 84' lang='lat' dir='ltr'>accuratius</span> <span class='ocrx_word' id='word_1_240' title='bbox 891 1942 1055 1974; x_wconf 82' lang='lat' dir='ltr'>stemma</span> <span class='ocrx_word' id='word_1_241' title='bbox 1084 1936 1168 1974; x_wconf 88' lang='lat' dir='ltr'>eius</span> <span class='ocrx_word' id='word_1_242' title='bbox 1199 1935 1332 1974; x_wconf 83' lang='lat' dir='ltr'>classis</span> <span class='ocrx_word' id='word_1_243' title='bbox 1355 1940 1395 1974; x_wconf 79' lang='grc' dir='ltr'><em>Δ</em></span> <span class='ocrx_word' id='word_1_244' title='bbox 1421 1935 1658 1974; x_wconf 87' lang='lat' dir='ltr'>constituere</span> 
     </span>
     <span class='ocr_line' id='line_1_27' title="bbox 240 2003 1660 2056; baseline -0.001 -13"><span class='ocrx_word' id='word_1_245' title='bbox 240 2017 311 2043; x_wconf 89' lang='lat' dir='ltr'>nos</span> <span class='ocrx_word' id='word_1_246' title='bbox 329 2017 444 2056; x_wconf 80' lang='lat' dir='ltr'>posse</span> <span class='ocrx_word' id='word_1_247' title='bbox 461 2004 687 2043; x_wconf 86' lang='lat' dir='ltr'>diffidimus.</span> <span class='ocrx_word' id='word_1_248' title='bbox 727 2005 820 2043; x_wconf 89' lang='lat' dir='ltr'>lllud</span> <span class='ocrx_word' id='word_1_249' title='bbox 839 2012 1009 2056; x_wconf 86' lang='lat' dir='ltr'>apparet,</span> <span class='ocrx_word' id='word_1_250' title='bbox 1034 2004 1247 2043; x_wconf 73' lang='lat' dir='ltr'>Mediceum</span> <span class='ocrx_word' id='word_1_251' title='bbox 1270 2004 1371 2042; x_wconf 89' lang='lat' dir='ltr'>inter</span> <span class='ocrx_word' id='word_1_252' title='bbox 1393 2015 1530 2042; x_wconf 88' lang='lat' dir='ltr'>omues</span> <span class='ocrx_word' id='word_1_253' title='bbox 1552 2003 1660 2042; x_wconf 87' lang='lat' dir='ltr'>codi-</span> 
     </span>
     <span class='ocr_line' id='line_1_28' title="bbox 239 2071 1659 2124; baseline -0.001 -13"><span class='ocrx_word' id='word_1_254' title='bbox 239 2085 314 2120; x_wconf 86' lang='lat' dir='ltr'>ces,</span> <span class='ocrx_word' id='word_1_255' title='bbox 359 2072 425 2123; x_wconf 90' lang='lat' dir='ltr'>qui</span> <span class='ocrx_word' id='word_1_256' title='bbox 456 2085 503 2111; x_wconf 82' lang='lat' dir='ltr'>ex</span> <span class='ocrx_word' id='word_1_257' title='bbox 535 2077 574 2112; x_wconf 73' lang='lat' dir='ltr'><em>A</em></span> <span class='ocrx_word' id='word_1_258' title='bbox 606 2073 766 2124; x_wconf 88' lang='lat' dir='ltr'>profecti</span> <span class='ocrx_word' id='word_1_259' title='bbox 799 2079 904 2120; x_wconf 84' lang='lat' dir='ltr'>sunt,</span> <span class='ocrx_word' id='word_1_260' title='bbox 951 2073 1000 2111; x_wconf 87' lang='lat' dir='ltr'>ita</span> <span class='ocrx_word' id='word_1_261' title='bbox 1033 2079 1240 2124; x_wconf 84' lang='lat' dir='ltr'>praestare,</span> <span class='ocrx_word' id='word_1_262' title='bbox 1289 2080 1331 2111; x_wconf 91' lang='lat' dir='ltr'>ut</span> <span class='ocrx_word' id='word_1_263' title='bbox 1362 2072 1493 2111; x_wconf 83' lang='lat' dir='ltr'>nullus</span> <span class='ocrx_word' id='word_1_264' title='bbox 1526 2071 1560 2111; x_wconf 90' lang='lat' dir='ltr'>ei</span> <span class='ocrx_word' id='word_1_265' title='bbox 1590 2085 1659 2124; x_wconf 89' lang='lat' dir='ltr'>par</span> 
     </span>
     <span class='ocr_line' id='line_1_29' title="bbox 239 2139 1658 2192; baseline 0 -13"><span class='ocrx_word' id='word_1_266' title='bbox 239 2141 307 2180; x_wconf 88' lang='lat' dir='ltr'>sit:</span> <span class='ocrx_word' id='word_1_267' title='bbox 356 2139 409 2179; x_wconf 78' lang='grc' dir='ltr'>Μ1</span> <span class='ocrx_word' id='word_1_268' title='bbox 451 2140 554 2179; x_wconf 90' lang='lat' dir='ltr'>enim</span> <span class='ocrx_word' id='word_1_269' title='bbox 596 2153 672 2179; x_wconf 87' lang='lat' dir='ltr'>non</span> <span class='ocrx_word' id='word_1_270' title='bbox 713 2141 846 2192; x_wconf 86' lang='lat' dir='ltr'>paucis</span> <span class='ocrx_word' id='word_1_271' title='bbox 884 2140 978 2180; x_wconf 89' lang='lat' dir='ltr'>locis</span> <span class='ocrx_word' id='word_1_272' title='bbox 1019 2141 1050 2179; x_wconf 89' lang='lat' dir='ltr'>si</span> <span class='ocrx_word' id='word_1_273' title='bbox 1082 2153 1159 2179; x_wconf 90' lang='lat' dir='ltr'>non</span> <span class='ocrx_word' id='word_1_274' title='bbox 1191 2153 1334 2187; x_wconf 88' lang='lat' dir='ltr'>veram,</span> <span class='ocrx_word' id='word_1_275' title='bbox 1381 2147 1420 2180; x_wconf 89' lang='lat' dir='ltr'>at</span> <span class='ocrx_word' id='word_1_276' title='bbox 1450 2141 1658 2191; x_wconf 84' lang='lat' dir='ltr'>genuinam</span> 
     </span>
     <span class='ocr_line' id='line_1_30' title="bbox 238 2209 1655 2260; baseline -0.001 -12"><span class='ocrx_word' id='word_1_277' title='bbox 238 2209 444 2248; x_wconf 85' lang='lat' dir='ltr'>lectionem</span> <span class='ocrx_word' id='word_1_278' title='bbox 470 2216 607 2256; x_wconf 81' lang='lat' dir='ltr'>servat,</span> <span class='ocrx_word' id='word_1_279' title='bbox 639 2209 781 2260; x_wconf 89' lang='lat' dir='ltr'>quibus</span> <span class='ocrx_word' id='word_1_280' title='bbox 813 2215 850 2247; x_wconf 85' lang='lat' dir='ltr'>et</span> <span class='ocrx_word' id='word_1_281' title='bbox 882 2209 1017 2260; x_wconf 87' lang='lat' dir='ltr'>reliqui</span> <span class='ocrx_word' id='word_1_282' title='bbox 1049 2209 1201 2248; x_wconf 87' lang='lat' dir='ltr'>codices</span> <span class='ocrx_word' id='word_1_283' title='bbox 1234 2222 1280 2248; x_wconf 79' lang='lat' dir='ltr'>ex</span> <span class='ocrx_word' id='word_1_284' title='bbox 1305 2213 1344 2248; x_wconf 82' lang='grc' dir='ltr'><em>Δ</em></span> <span class='ocrx_word' id='word_1_285' title='bbox 1375 2216 1413 2248; x_wconf 84' lang='lat' dir='ltr'>et</span> <span class='ocrx_word' id='word_1_286' title='bbox 1443 2221 1580 2248; x_wconf 87' lang='lat' dir='ltr'>omnes</span> <span class='ocrx_word' id='word_1_287' title='bbox 1612 2221 1655 2248; x_wconf 86' lang='lat' dir='ltr'>ex</span> 
     </span>
     <span class='ocr_line' id='line_1_31' title="bbox 240 2277 1658 2329; baseline -0.001 -13"><span class='ocrx_word' id='word_1_288' title='bbox 240 2279 275 2316; x_wconf 75' lang='grc' dir='ltr'><em>Σ</em></span> <span class='ocrx_word' id='word_1_289' title='bbox 314 2278 578 2317; x_wconf 86' lang='lat' dir='ltr'>coniecturam</span> <span class='ocrx_word' id='word_1_290' title='bbox 622 2278 783 2324; x_wconf 79' lang='lat' dir='ltr'>babent3</span> <span class='ocrx_word' id='word_1_291' title='bbox 834 2277 886 2316; x_wconf 84' lang='lat' dir='ltr'>M2</span> <span class='ocrx_word' id='word_1_292' title='bbox 928 2290 1016 2316; x_wconf 83' lang='lat' dir='ltr'>vero</span> <span class='ocrx_word' id='word_1_293' title='bbox 1063 2278 1114 2316; x_wconf 87' lang='lat' dir='ltr'>ita</span> <span class='ocrx_word' id='word_1_294' title='bbox 1156 2278 1326 2329; x_wconf 84' lang='lat' dir='ltr'>positum</span> <span class='ocrx_word' id='word_1_295' title='bbox 1374 2284 1445 2325; x_wconf 89' lang='lat' dir='ltr'>est,</span> <span class='ocrx_word' id='word_1_296' title='bbox 1494 2284 1547 2325; x_wconf 88' lang='lat' dir='ltr'>ut,</span> <span class='ocrx_word' id='word_1_297' title='bbox 1589 2277 1658 2328; x_wconf 89' lang='lat' dir='ltr'>qui</span> 
     </span>
     <span class='ocr_line' id='line_1_32' title="bbox 241 2346 1657 2398; baseline 0 -13"><span class='ocrx_word' id='word_1_298' title='bbox 241 2346 358 2385; x_wconf 87' lang='lat' dir='ltr'>fuerit</span> <span class='ocrx_word' id='word_1_299' title='bbox 393 2346 585 2397; x_wconf 86' lang='lat' dir='ltr'>genuinus</span> <span class='ocrx_word' id='word_1_300' title='bbox 624 2352 752 2385; x_wconf 83' lang='lat' dir='ltr'>textus</span> <span class='ocrx_word' id='word_1_301' title='bbox 791 2346 933 2385; x_wconf 82' lang='lat' dir='ltr'>codicis</span> <span class='ocrx_word' id='word_1_302' title='bbox 959 2351 1009 2393; x_wconf 76' lang='lat' dir='ltr'>A,</span> <span class='ocrx_word' id='word_1_303' title='bbox 1042 2359 1087 2385; x_wconf 79' lang='lat' dir='ltr'>ex</span> <span class='ocrx_word' id='word_1_304' title='bbox 1110 2346 1163 2384; x_wconf 86' lang='lat' dir='ltr'>Ml</span> <span class='ocrx_word' id='word_1_305' title='bbox 1199 2359 1275 2385; x_wconf 90' lang='lat' dir='ltr'>uno</span> <span class='ocrx_word' id='word_1_306' title='bbox 1306 2346 1486 2397; x_wconf 85' lang='lat' dir='ltr'>cognosci</span> <span class='ocrx_word' id='word_1_307' title='bbox 1516 2346 1657 2398; x_wconf 89' lang='lat' dir='ltr'>possit:</span> 
     </span>
     <span class='ocr_line' id='line_1_33' title="bbox 242 2414 1658 2466; baseline -0.001 -12"><span class='ocrx_word' id='word_1_308' title='bbox 242 2428 259 2454; x_wconf 93' lang='lat' dir='ltr'>s</span> <span class='ocrx_word' id='word_1_309' title='bbox 292 2415 436 2454; x_wconf 89' lang='lat' dir='ltr'>alienas</span> <span class='ocrx_word' id='word_1_310' title='bbox 474 2415 660 2454; x_wconf 88' lang='lat' dir='ltr'>lectiones</span> <span class='ocrx_word' id='word_1_311' title='bbox 702 2421 741 2454; x_wconf 89' lang='lat' dir='ltr'>et</span> <span class='ocrx_word' id='word_1_312' title='bbox 777 2415 1019 2454; x_wconf 85' lang='lat' dir='ltr'>coniecturas</span> <span class='ocrx_word' id='word_1_313' title='bbox 1061 2415 1100 2453; x_wconf 91' lang='lat' dir='ltr'>in</span> <span class='ocrx_word' id='word_1_314' title='bbox 1142 2416 1270 2466; x_wconf 85' lang='lat' dir='ltr'>ipsum</span> <span class='ocrx_word' id='word_1_315' title='bbox 1322 2421 1469 2454; x_wconf 89' lang='lat' dir='ltr'>textum</span> <span class='ocrx_word' id='word_1_316' title='bbox 1501 2414 1658 2466; x_wconf 88' lang='lat' dir='ltr'>recepit.</span> 
     </span>
     <span class='ocr_line' id='line_1_34' title="bbox 240 2482 1661 2535; baseline 0 -14"><span class='ocrx_word' id='word_1_317' title='bbox 240 2482 435 2531; x_wconf 88' lang='lat' dir='ltr'>Ceterum,</span> <span class='ocrx_word' id='word_1_318' title='bbox 484 2488 526 2522; x_wconf 85' lang='lat' dir='ltr'>ut</span> <span class='ocrx_word' id='word_1_319' title='bbox 561 2496 678 2535; x_wconf 88' lang='lat' dir='ltr'>supra</span> <span class='ocrx_word' id='word_1_320' title='bbox 714 2496 751 2535; x_wconf 91' lang='lat' dir='ltr'>p.</span> <span class='ocrx_word' id='word_1_321' title='bbox 777 2483 855 2522; x_wconf 81' lang='lat'>146</span> <span class='ocrx_word' id='word_1_322' title='bbox 901 2483 1150 2530; x_wconf 89' lang='lat' dir='ltr'>coniecimus,</span> <span class='ocrx_word' id='word_1_323' title='bbox 1197 2490 1235 2522; x_wconf 89' lang='lat' dir='ltr'>et</span> <span class='ocrx_word' id='word_1_324' title='bbox 1279 2483 1317 2521; x_wconf 91' lang='lat' dir='ltr'>in</span> <span class='ocrx_word' id='word_1_325' title='bbox 1352 2485 1397 2521; x_wconf 85' lang='grc' dir='ltr'><em>Π</em></span> <span class='ocrx_word' id='word_1_326' title='bbox 1423 2489 1462 2521; x_wconf 86' lang='lat' dir='ltr'>et</span> <span class='ocrx_word' id='word_1_327' title='bbox 1490 2483 1532 2521; x_wconf 90' lang='lat' dir='ltr'>in</span> <span class='ocrx_word' id='word_1_328' title='bbox 1565 2484 1601 2520; x_wconf 77' lang='grc' dir='ltr'><em>Ω</em></span> <span class='ocrx_word' id='word_1_329' title='bbox 1634 2495 1661 2521; x_wconf 80' lang='lat' dir='ltr'>u</span> 
     </span>
     <span class='ocr_line' id='line_1_35' title="bbox 242 2550 1661 2603; baseline -0.001 -13"><span class='ocrx_word' id='word_1_330' title='bbox 242 2559 419 2603; x_wconf 90' lang='lat' dir='ltr'>apertum</span> <span class='ocrx_word' id='word_1_331' title='bbox 443 2552 577 2600; x_wconf 87' lang='lat' dir='ltr'>fuisse,</span> <span class='ocrx_word' id='word_1_332' title='bbox 610 2552 661 2591; x_wconf 89' lang='lat' dir='ltr'>ita</span> <span class='ocrx_word' id='word_1_333' title='bbox 684 2553 721 2590; x_wconf 81' lang='grc' dir='ltr'><em>Ω</em></span> <span class='ocrx_word' id='word_1_334' title='bbox 744 2551 925 2591; x_wconf 79' lang='lat' dir='ltr'>vocabula</span> <span class='ocrx_word' id='word_1_335' title='bbox 948 2551 1123 2591; x_wconf 87' lang='lat' dir='ltr'>nondum</span> <span class='ocrx_word' id='word_1_336' title='bbox 1147 2558 1251 2590; x_wconf 86' lang='lat' dir='ltr'>recte</span> <span class='ocrx_word' id='word_1_337' title='bbox 1274 2550 1455 2590; x_wconf 87' lang='lat' dir='ltr'>distincta</span> <span class='ocrx_word' id='word_1_338' title='bbox 1479 2551 1661 2589; x_wconf 83' lang='lat' dir='ltr'>habuisse</span> 
     </span>
    </p>
   </div>
   <div class='ocr_carea' id='block_1_3' title="bbox 334 2697 671 2741">
    <p class='ocr_par' dir='ltr' id='par_1_4' title="bbox 334 2697 671 2741">
     <span class='ocr_line' id='line_1_36' title="bbox 334 2697 671 2741; baseline 0.003 -12"><span class='ocrx_word' id='word_1_339' title='bbox 334 2700 364 2739; x_wconf 70' lang='lat' dir='ltr'>*J</span> <span class='ocrx_word' id='word_1_340' title='bbox 389 2697 438 2730; x_wconf 88' lang='lat' dir='ltr'>Cf.</span> <span class='ocrx_word' id='word_1_341' title='bbox 465 2708 565 2741; x_wconf 83' lang='lat' dir='ltr'>supra</span> <span class='ocrx_word' id='word_1_342' title='bbox 591 2709 621 2741; x_wconf 87' lang='lat' dir='ltr'>p.</span> <span class='ocrx_word' id='word_1_343' title='bbox 641 2699 671 2730; x_wconf 82' lang='lat'>5.</span> 
     </span>
    </p>
   </div>
   <div class='ocr_carea' id='block_1_4' title="bbox 1746 0 1821 3077">
    <p class='ocr_par' dir='ltr' id='par_1_5' title="bbox 1746 0 1821 3077">
     <span class='ocr_line' id='line_1_37' title="bbox 1746 0 1821 3077; baseline 0 0"><span class='ocrx_word' id='word_1_344' title='bbox 1746 0 1821 3077; x_wconf 95' lang='lat' dir='ltr'> </span> 
     </span>
    </p>
   </div>
  </div>
 </body>
</html>
