<?xml version="1.0" encoding="UTF-8"?>
<!DOCTYPE html PUBLIC "-//W3C//DTD XHTML 1.0 Transitional//EN"
    "http://www.w3.org/TR/xhtml1/DTD/xhtml1-transitional.dtd">
<html xmlns="http://www.w3.org/1999/xhtml" xml:lang="en" lang="en">
 <head>
  <title>
</title>
<meta http-equiv="Content-Type" content="text/html;charset=utf-8" />
  <meta name='ocr-system' content='tesseract 3.04.00' />
  <meta name='ocr-capabilities' content='ocr_page ocr_carea ocr_par ocr_line ocrx_word'/>
</head>
<body>
  <div class='ocr_page' id='page_1' title='image "./deciceronisadatt00lehmuoft_0097.png"; bbox 0 0 1821 3077; ppageno 0'>
   <div class='ocr_carea' id='block_1_1' title="bbox 656 18 1069 60">
    <p class='ocr_par' dir='ltr' id='par_1_1' title="bbox 656 18 1069 60">
     <span class='ocr_line' id='line_1_1' title="bbox 656 18 1069 60; baseline -0.005 -12"><span class='ocrx_word' id='word_1_1' title='bbox 656 18 1069 60; x_wconf 74' lang='lat'>—87—</span> 
     </span>
    </p>
   </div>
   <div class='ocr_carea' id='block_1_2' title="bbox 146 137 1573 2608">
    <p class='ocr_par' dir='ltr' id='par_1_2' title="bbox 152 137 1571 246">
     <span class='ocr_line' id='line_1_2' title="bbox 153 137 1571 190; baseline 0.001 -13"><span class='ocrx_word' id='word_1_2' title='bbox 153 139 270 178; x_wconf 90' lang='lat' dir='ltr'>tomis</span> <span class='ocrx_word' id='word_1_3' title='bbox 300 138 328 185; x_wconf 87' lang='lat' dir='ltr'>l,</span> <span class='ocrx_word' id='word_1_4' title='bbox 359 137 422 184; x_wconf 82' lang='grc' dir='ltr'>ΙΙΙ,</span> <span class='ocrx_word' id='word_1_5' title='bbox 457 137 523 176; x_wconf 91' lang='lat' dir='ltr'>llll</span> <span class='ocrx_word' id='word_1_6' title='bbox 554 137 734 185; x_wconf 87' lang='lat' dir='ltr'>subiecit,</span> <span class='ocrx_word' id='word_1_7' title='bbox 781 150 879 190; x_wconf 87' lang='lat' dir='ltr'>quae</span> <span class='ocrx_word' id='word_1_8' title='bbox 915 150 986 176; x_wconf 89' lang='lat' dir='ltr'>nos</span> <span class='ocrx_word' id='word_1_9' title='bbox 1023 150 1100 176; x_wconf 91' lang='lat' dir='ltr'>non</span> <span class='ocrx_word' id='word_1_10' title='bbox 1134 137 1386 188; x_wconf 77' lang='lat' dir='ltr'>negleximus,</span> <span class='ocrx_word' id='word_1_11' title='bbox 1425 145 1462 177; x_wconf 90' lang='lat' dir='ltr'>et</span> <span class='ocrx_word' id='word_1_12' title='bbox 1494 152 1571 178; x_wconf 92' lang='lat' dir='ltr'>non</span> 
     </span>
     <span class='ocr_line' id='line_1_3' title="bbox 152 206 948 246; baseline -0.001 0"><span class='ocrx_word' id='word_1_13' title='bbox 152 206 282 246; x_wconf 87' lang='lat' dir='ltr'>nullos</span> <span class='ocrx_word' id='word_1_14' title='bbox 313 219 465 246; x_wconf 87' lang='lat' dir='ltr'>errores</span> <span class='ocrx_word' id='word_1_15' title='bbox 495 207 535 246; x_wconf 91' lang='lat' dir='ltr'>in</span> <span class='ocrx_word' id='word_1_16' title='bbox 569 206 738 246; x_wconf 76' lang='lat' dir='ltr'>‘Erratis&#39;</span> <span class='ocrx_word' id='word_1_17' title='bbox 771 206 948 246; x_wconf 87' lang='lat' dir='ltr'>correxit.</span> 
     </span>
    </p>

    <p class='ocr_par' dir='ltr' id='par_1_3' title="bbox 146 275 1573 2608">
     <span class='ocr_line' id='line_1_4' title="bbox 265 275 1572 328; baseline 0.002 -14"><span class='ocrx_word' id='word_1_18' title='bbox 265 277 307 323; x_wconf 82' lang='lat'>4)</span> <span class='ocrx_word' id='word_1_19' title='bbox 341 275 552 315; x_wconf 87' lang='lat' dir='ltr'>Lambinus</span> <span class='ocrx_word' id='word_1_20' title='bbox 589 289 665 327; x_wconf 91' lang='lat' dir='ltr'>quo</span> <span class='ocrx_word' id='word_1_21' title='bbox 704 276 818 316; x_wconf 89' lang='lat' dir='ltr'>modo</span> <span class='ocrx_word' id='word_1_22' title='bbox 861 277 989 328; x_wconf 90' lang='lat' dir='ltr'>ipsum</span> <span class='ocrx_word' id='word_1_23' title='bbox 1029 281 1178 314; x_wconf 77' lang='lat' dir='ltr'>textum</span> <span class='ocrx_word' id='word_1_24' title='bbox 1219 275 1398 315; x_wconf 78' lang='lat' dir='ltr'><strong>editionis</strong></span> <span class='ocrx_word' id='word_1_25' title='bbox 1430 276 1572 328; x_wconf 87' lang='lat' dir='ltr'>prioris</span> 
     </span>
     <span class='ocr_line' id='line_1_5' title="bbox 153 344 1570 396; baseline 0 -12"><span class='ocrx_word' id='word_1_26' title='bbox 153 344 421 384; x_wconf 83' lang='lat' dir='ltr'>constituisset</span> <span class='ocrx_word' id='word_1_27' title='bbox 452 357 592 396; x_wconf 86' lang='lat' dir='ltr'>magno</span> <span class='ocrx_word' id='word_1_28' title='bbox 624 358 739 396; x_wconf 88' lang='lat' dir='ltr'>opere</span> <span class='ocrx_word' id='word_1_29' title='bbox 770 345 957 384; x_wconf 76' lang='lat' dir='ltr'>intererat</span> <span class='ocrx_word' id='word_1_30' title='bbox 987 344 1105 389; x_wconf 74' lang='lat' dir='ltr'>scire3</span> <span class='ocrx_word' id='word_1_31' title='bbox 1144 345 1273 396; x_wconf 87' lang='lat' dir='ltr'>itaque</span> <span class='ocrx_word' id='word_1_32' title='bbox 1306 357 1378 384; x_wconf 90' lang='lat' dir='ltr'>nos</span> <span class='ocrx_word' id='word_1_33' title='bbox 1409 346 1570 384; x_wconf 88' lang='lat' dir='ltr'>eandem</span> 
     </span>
     <span class='ocr_line' id='line_1_6' title="bbox 151 413 1569 466; baseline 0 -13"><span class='ocrx_word' id='word_1_34' title='bbox 151 414 356 461; x_wconf 84' lang='lat' dir='ltr'>rationem,</span> <span class='ocrx_word' id='word_1_35' title='bbox 379 426 494 465; x_wconf 88' lang='lat' dir='ltr'>quam</span> <span class='ocrx_word' id='word_1_36' title='bbox 519 413 558 452; x_wconf 89' lang='lat' dir='ltr'>in</span> <span class='ocrx_word' id='word_1_37' title='bbox 580 427 600 453; x_wconf 92' lang='lat' dir='ltr'>c</span> <span class='ocrx_word' id='word_1_38' title='bbox 622 415 856 466; x_wconf 79' lang='lat' dir='ltr'>exploranda</span> <span class='ocrx_word' id='word_1_39' title='bbox 878 413 1220 459; x_wconf 79' lang='lat' dir='ltr'>constitueramus,</span> <span class='ocrx_word' id='word_1_40' title='bbox 1253 414 1376 454; x_wconf 88' lang='lat' dir='ltr'>secuti</span> <span class='ocrx_word' id='word_1_41' title='bbox 1398 415 1569 466; x_wconf 87' lang='lat' dir='ltr'>primum</span> 
     </span>
     <span class='ocr_line' id='line_1_7' title="bbox 152 483 1568 536; baseline 0 -14"><span class='ocrx_word' id='word_1_42' title='bbox 152 483 440 534; x_wconf 84' lang='lat' dir='ltr'>inquisivimus,</span> <span class='ocrx_word' id='word_1_43' title='bbox 472 483 575 534; x_wconf 90' lang='lat' dir='ltr'>quod</span> <span class='ocrx_word' id='word_1_44' title='bbox 598 484 793 536; x_wconf 82' lang='lat' dir='ltr'>exemplar</span> <span class='ocrx_word' id='word_1_45' title='bbox 816 484 1028 523; x_wconf 82' lang='lat' dir='ltr'>Lambinus</span> <span class='ocrx_word' id='word_1_46' title='bbox 1056 490 1212 522; x_wconf 85' lang='lat' dir='ltr'>secutus</span> <span class='ocrx_word' id='word_1_47' title='bbox 1241 490 1359 522; x_wconf 86' lang='lat' dir='ltr'>esset:</span> <span class='ocrx_word' id='word_1_48' title='bbox 1392 491 1568 523; x_wconf 87' lang='lat' dir='ltr'>secutum</span> 
     </span>
     <span class='ocr_line' id='line_1_8' title="bbox 152 552 1570 604; baseline 0.001 -14"><span class='ocrx_word' id='word_1_49' title='bbox 152 552 471 604; x_wconf 83' lang='lat' dir='ltr'>intellegebamus</span> <span class='ocrx_word' id='word_1_50' title='bbox 488 553 780 604; x_wconf 84' lang='lat' dir='ltr'>stephanianam</span> <span class='ocrx_word' id='word_1_51' title='bbox 795 553 865 603; x_wconf 79' lang='lat' dir='ltr'>(st)</span> <span class='ocrx_word' id='word_1_52' title='bbox 879 553 1101 592; x_wconf 83' lang='lat' dir='ltr'>editionem.</span> <span class='ocrx_word' id='word_1_53' title='bbox 1113 565 1211 604; x_wconf 86' lang='lat' dir='ltr'>quae</span> <span class='ocrx_word' id='word_1_54' title='bbox 1229 565 1330 591; x_wconf 91' lang='lat' dir='ltr'>anno</span> <span class='ocrx_word' id='word_1_55' title='bbox 1352 554 1570 591; x_wconf 72' lang='lat'>1554-55</span> 
     </span>
     <span class='ocr_line' id='line_1_9' title="bbox 152 621 1570 673; baseline 0.001 -14"><span class='ocrx_word' id='word_1_56' title='bbox 152 621 311 672; x_wconf 88' lang='lat' dir='ltr'>prodiit,</span> <span class='ocrx_word' id='word_1_57' title='bbox 358 634 404 660; x_wconf 82' lang='lat' dir='ltr'>ex</span> <span class='ocrx_word' id='word_1_58' title='bbox 446 622 730 673; x_wconf 76' lang='lat' dir='ltr'>typothetarum</span> <span class='ocrx_word' id='word_1_59' title='bbox 773 622 990 661; x_wconf 87' lang='lat' dir='ltr'>erroribus.</span> <span class='ocrx_word' id='word_1_60' title='bbox 1037 622 1103 672; x_wconf 84' lang='lat' dir='ltr'>qui</span> <span class='ocrx_word' id='word_1_61' title='bbox 1141 634 1188 660; x_wconf 89' lang='lat' dir='ltr'>ne</span> <span class='ocrx_word' id='word_1_62' title='bbox 1227 634 1271 660; x_wconf 79' lang='lat' dir='ltr'>ex</span> <span class='ocrx_word' id='word_1_63' title='bbox 1312 628 1348 661; x_wconf 88' lang='lat' dir='ltr'>st</span> <span class='ocrx_word' id='word_1_64' title='bbox 1384 622 1423 660; x_wconf 90' lang='lat' dir='ltr'>in</span> <span class='ocrx_word' id='word_1_65' title='bbox 1462 635 1570 661; x_wconf 87' lang='lat' dir='ltr'>snam</span> 
     </span>
     <span class='ocr_line' id='line_1_10' title="bbox 151 690 1573 742; baseline 0 -13"><span class='ocrx_word' id='word_1_66' title='bbox 151 690 359 729; x_wconf 87' lang='lat' dir='ltr'>editionem</span> <span class='ocrx_word' id='word_1_67' title='bbox 401 691 455 740; x_wconf 85' lang='lat' dir='ltr'>(l)</span> <span class='ocrx_word' id='word_1_68' title='bbox 499 691 711 742; x_wconf 83' lang='lat' dir='ltr'>migrarent</span> <span class='ocrx_word' id='word_1_69' title='bbox 743 691 955 730; x_wconf 79' lang='lat' dir='ltr'>Lambinus</span> <span class='ocrx_word' id='word_1_70' title='bbox 1003 703 1078 729; x_wconf 93' lang='lat' dir='ltr'>non</span> <span class='ocrx_word' id='word_1_71' title='bbox 1127 691 1340 742; x_wconf 78' lang='lat' dir='ltr'>impedivit.</span> <span class='ocrx_word' id='word_1_72' title='bbox 1402 691 1485 737; x_wconf 86' lang='lat' dir='ltr'>Qua</span> <span class='ocrx_word' id='word_1_73' title='bbox 1532 704 1573 729; x_wconf 85' lang='lat' dir='ltr'>re</span> 
     </span>
     <span class='ocr_line' id='line_1_11' title="bbox 150 759 1570 811; baseline 0 -13"><span class='ocrx_word' id='word_1_74' title='bbox 150 759 344 799; x_wconf 86' lang='lat' dir='ltr'>intellecta</span> <span class='ocrx_word' id='word_1_75' title='bbox 379 760 392 798; x_wconf 96' lang='lat' dir='ltr'>l</span> <span class='ocrx_word' id='word_1_76' title='bbox 429 759 475 799; x_wconf 84' lang='lat' dir='ltr'>de</span> <span class='ocrx_word' id='word_1_77' title='bbox 516 767 551 799; x_wconf 89' lang='lat' dir='ltr'>st</span> <span class='ocrx_word' id='word_1_78' title='bbox 589 760 846 799; x_wconf 76' lang='lat' dir='ltr'>detraximus.</span> <span class='ocrx_word' id='word_1_79' title='bbox 894 772 957 798; x_wconf 89' lang='lat' dir='ltr'>eas</span> <span class='ocrx_word' id='word_1_80' title='bbox 1004 760 1204 805; x_wconf 86' lang='lat' dir='ltr'>lectiones,</span> <span class='ocrx_word' id='word_1_81' title='bbox 1251 772 1349 811; x_wconf 85' lang='lat' dir='ltr'>quae</span> <span class='ocrx_word' id='word_1_82' title='bbox 1394 760 1570 799; x_wconf 85' lang='lat' dir='ltr'>residuae</span> 
     </span>
     <span class='ocr_line' id='line_1_12' title="bbox 151 829 1568 880; baseline 0 -12"><span class='ocrx_word' id='word_1_83' title='bbox 151 835 273 876; x_wconf 87' lang='lat' dir='ltr'>erant,</span> <span class='ocrx_word' id='word_1_84' title='bbox 319 841 407 868; x_wconf 91' lang='lat' dir='ltr'>cum</span> <span class='ocrx_word' id='word_1_85' title='bbox 449 829 616 868; x_wconf 79' lang='lat' dir='ltr'>editione</span> <span class='ocrx_word' id='word_1_86' title='bbox 648 829 891 880; x_wconf 74' lang='lat' dir='ltr'>hervagiana.</span> <span class='ocrx_word' id='word_1_87' title='bbox 939 842 1035 880; x_wconf 83' lang='lat' dir='ltr'>quae</span> <span class='ocrx_word' id='word_1_88' title='bbox 1068 829 1212 880; x_wconf 90' lang='lat' dir='ltr'>prodiit</span> <span class='ocrx_word' id='word_1_89' title='bbox 1244 829 1413 868; x_wconf 87' lang='lat' dir='ltr'>Basileae</span> <span class='ocrx_word' id='word_1_90' title='bbox 1447 829 1568 870; x_wconf 73' lang='lat'>1534.</span> 
     </span>
     <span class='ocr_line' id='line_1_13' title="bbox 150 897 1569 950; baseline 0.001 -14"><span class='ocrx_word' id='word_1_91' title='bbox 150 897 372 945; x_wconf 87' lang='lat' dir='ltr'>victoriana,</span> <span class='ocrx_word' id='word_1_92' title='bbox 405 911 502 949; x_wconf 87' lang='lat' dir='ltr'>quae</span> <span class='ocrx_word' id='word_1_93' title='bbox 533 899 678 950; x_wconf 85' lang='lat' dir='ltr'>prodiit</span> <span class='ocrx_word' id='word_1_94' title='bbox 709 899 879 938; x_wconf 82' lang='lat' dir='ltr'>Venetiis</span> <span class='ocrx_word' id='word_1_95' title='bbox 915 898 1148 943; x_wconf 77' lang='lat'>1534—37,</span> <span class='ocrx_word' id='word_1_96' title='bbox 1198 899 1439 944; x_wconf 85' lang='lat' dir='ltr'>manutiana,</span> <span class='ocrx_word' id='word_1_97' title='bbox 1471 912 1569 950; x_wconf 87' lang='lat' dir='ltr'>quae</span> 
     </span>
     <span class='ocr_line' id='line_1_14' title="bbox 150 966 1566 1019; baseline 0 -13"><span class='ocrx_word' id='word_1_98' title='bbox 150 966 294 1019; x_wconf 90' lang='lat' dir='ltr'>prodiit</span> <span class='ocrx_word' id='word_1_99' title='bbox 323 966 494 1006; x_wconf 89' lang='lat' dir='ltr'>Venetiis</span> <span class='ocrx_word' id='word_1_100' title='bbox 525 980 627 1006; x_wconf 90' lang='lat' dir='ltr'>anno</span> <span class='ocrx_word' id='word_1_101' title='bbox 663 967 781 1007; x_wconf 79' lang='lat'>1563.</span> <span class='ocrx_word' id='word_1_102' title='bbox 815 967 1073 1015; x_wconf 77' lang='lat' dir='ltr'>contulimus3</span> <span class='ocrx_word' id='word_1_103' title='bbox 1115 980 1228 1018; x_wconf 88' lang='lat' dir='ltr'>quam</span> <span class='ocrx_word' id='word_1_104' title='bbox 1263 980 1344 1006; x_wconf 90' lang='lat' dir='ltr'>rem</span> <span class='ocrx_word' id='word_1_105' title='bbox 1379 980 1466 1006; x_wconf 90' lang='lat' dir='ltr'>cum</span> <span class='ocrx_word' id='word_1_106' title='bbox 1500 981 1566 1006; x_wconf 86' lang='lat' dir='ltr'>ex-</span> 
     </span>
     <span class='ocr_line' id='line_1_15' title="bbox 149 1036 1569 1088; baseline 0.001 -14"><span class='ocrx_word' id='word_1_107' title='bbox 149 1036 404 1088; x_wconf 86' lang='lat' dir='ltr'>pedissemus,</span> <span class='ocrx_word' id='word_1_108' title='bbox 422 1037 524 1087; x_wconf 88' lang='lat' dir='ltr'>quod</span> <span class='ocrx_word' id='word_1_109' title='bbox 542 1043 709 1088; x_wconf 85' lang='lat' dir='ltr'>quantae</span> <span class='ocrx_word' id='word_1_110' title='bbox 726 1036 933 1088; x_wconf 90' lang='lat' dir='ltr'>patientiae</span> <span class='ocrx_word' id='word_1_111' title='bbox 956 1042 1070 1088; x_wconf 89' lang='lat' dir='ltr'>atque</span> <span class='ocrx_word' id='word_1_112' title='bbox 1089 1036 1224 1087; x_wconf 88' lang='lat' dir='ltr'>quanti</span> <span class='ocrx_word' id='word_1_113' title='bbox 1248 1037 1434 1088; x_wconf 88' lang='lat' dir='ltr'>temporis</span> <span class='ocrx_word' id='word_1_114' title='bbox 1453 1037 1569 1076; x_wconf 88' lang='lat' dir='ltr'>fuerit</span> 
     </span>
     <span class='ocr_line' id='line_1_16' title="bbox 150 1105 1570 1157; baseline 0 -12"><span class='ocrx_word' id='word_1_115' title='bbox 150 1105 275 1156; x_wconf 88' lang='lat' dir='ltr'>quivis</span> <span class='ocrx_word' id='word_1_116' title='bbox 306 1105 500 1157; x_wconf 85' lang='lat' dir='ltr'>intelleget</span> <span class='ocrx_word' id='word_1_117' title='bbox 532 1107 597 1157; x_wconf 81' lang='lat' dir='ltr'>qui</span> <span class='ocrx_word' id='word_1_118' title='bbox 631 1106 724 1145; x_wconf 87' lang='lat' dir='ltr'>tales</span> <span class='ocrx_word' id='word_1_119' title='bbox 756 1119 817 1145; x_wconf 90' lang='lat' dir='ltr'>res</span> <span class='ocrx_word' id='word_1_120' title='bbox 850 1106 982 1145; x_wconf 89' lang='lat' dir='ltr'>eadem</span> <span class='ocrx_word' id='word_1_121' title='bbox 1015 1105 1165 1145; x_wconf 84' lang='lat' dir='ltr'>ratione</span> <span class='ocrx_word' id='word_1_122' title='bbox 1198 1105 1393 1151; x_wconf 80' lang='lat' dir='ltr'>tractabit,</span> <span class='ocrx_word' id='word_1_123' title='bbox 1433 1118 1570 1145; x_wconf 87' lang='lat' dir='ltr'>omnes</span> 
     </span>
     <span class='ocr_line' id='line_1_17' title="bbox 150 1174 1567 1226; baseline 0 -13"><span class='ocrx_word' id='word_1_124' title='bbox 150 1187 213 1213; x_wconf 86' lang='lat' dir='ltr'>eas</span> <span class='ocrx_word' id='word_1_125' title='bbox 244 1175 442 1219; x_wconf 85' lang='lat' dir='ltr'>lectiones,</span> <span class='ocrx_word' id='word_1_126' title='bbox 479 1188 575 1226; x_wconf 91' lang='lat' dir='ltr'>quas</span> <span class='ocrx_word' id='word_1_127' title='bbox 604 1175 817 1214; x_wconf 86' lang='lat' dir='ltr'>Lambinus</span> <span class='ocrx_word' id='word_1_128' title='bbox 844 1177 994 1226; x_wconf 77' lang='lat' dir='ltr'>primus</span> <span class='ocrx_word' id='word_1_129' title='bbox 1025 1188 1069 1213; x_wconf 79' lang='lat' dir='ltr'>ex</span> <span class='ocrx_word' id='word_1_130' title='bbox 1101 1174 1316 1213; x_wconf 85' lang='lat' dir='ltr'>editoribus</span> <span class='ocrx_word' id='word_1_131' title='bbox 1348 1175 1387 1213; x_wconf 90' lang='lat' dir='ltr'>in</span> <span class='ocrx_word' id='word_1_132' title='bbox 1421 1181 1567 1214; x_wconf 78' lang='lat' dir='ltr'>textum</span> 
     </span>
     <span class='ocr_line' id='line_1_18' title="bbox 148 1243 1568 1296; baseline 0.001 -14"><span class='ocrx_word' id='word_1_133' title='bbox 148 1243 310 1296; x_wconf 88' lang='lat' dir='ltr'>recepit,</span> <span class='ocrx_word' id='word_1_134' title='bbox 356 1244 662 1283; x_wconf 84' lang='lat' dir='ltr'>examinavimus</span> <span class='ocrx_word' id='word_1_135' title='bbox 705 1250 820 1295; x_wconf 89' lang='lat' dir='ltr'>atque</span> <span class='ocrx_word' id='word_1_136' title='bbox 860 1244 953 1283; x_wconf 89' lang='lat' dir='ltr'>haec</span> <span class='ocrx_word' id='word_1_137' title='bbox 994 1244 1236 1282; x_wconf 84' lang='lat' dir='ltr'>invenimus:</span> <span class='ocrx_word' id='word_1_138' title='bbox 1282 1245 1318 1294; x_wconf 88' lang='lat' dir='ltr'>a)</span> <span class='ocrx_word' id='word_1_139' title='bbox 1351 1244 1392 1282; x_wconf 90' lang='lat' dir='ltr'>In</span> <span class='ocrx_word' id='word_1_140' title='bbox 1435 1244 1568 1283; x_wconf 86' lang='lat' dir='ltr'>ortho—</span> 
     </span>
     <span class='ocr_line' id='line_1_19' title="bbox 146 1312 1569 1365; baseline -0.001 -13"><span class='ocrx_word' id='word_1_141' title='bbox 146 1312 338 1365; x_wconf 86' lang='lat' dir='ltr'>graphicis</span> <span class='ocrx_word' id='word_1_142' title='bbox 371 1313 488 1353; x_wconf 88' lang='lat' dir='ltr'>rebus</span> <span class='ocrx_word' id='word_1_143' title='bbox 512 1313 723 1353; x_wconf 88' lang='lat' dir='ltr'>Lambinus</span> <span class='ocrx_word' id='word_1_144' title='bbox 759 1326 892 1364; x_wconf 81' lang='lat' dir='ltr'>magna</span> <span class='ocrx_word' id='word_1_145' title='bbox 925 1312 1136 1365; x_wconf 85' lang='lat' dir='ltr'>pertinacia</span> <span class='ocrx_word' id='word_1_146' title='bbox 1170 1325 1264 1351; x_wconf 91' lang='lat' dir='ltr'>usus</span> <span class='ocrx_word' id='word_1_147' title='bbox 1297 1319 1377 1360; x_wconf 87' lang='lat' dir='ltr'>est;</span> <span class='ocrx_word' id='word_1_148' title='bbox 1410 1313 1494 1351; x_wconf 91' lang='lat' dir='ltr'>inl.</span> <span class='ocrx_word' id='word_1_149' title='bbox 1520 1313 1569 1351; x_wconf 90' lang='lat' dir='ltr'>Ill</span> 
     </span>
     <span class='ocr_line' id='line_1_20' title="bbox 147 1382 1570 1435; baseline 0 -13"><span class='ocrx_word' id='word_1_150' title='bbox 147 1382 331 1422; x_wconf 90' lang='lat' dir='ltr'>omnibus</span> <span class='ocrx_word' id='word_1_151' title='bbox 377 1382 471 1422; x_wconf 88' lang='lat' dir='ltr'>locis</span> <span class='ocrx_word' id='word_1_152' title='bbox 509 1382 595 1422; x_wconf 78' lang='lat' dir='ltr'>Sica</span> <span class='ocrx_word' id='word_1_153' title='bbox 642 1383 777 1422; x_wconf 87' lang='lat' dir='ltr'>scribit</span> <span class='ocrx_word' id='word_1_154' title='bbox 822 1395 892 1435; x_wconf 88' lang='lat' dir='ltr'>pro</span> <span class='ocrx_word' id='word_1_155' title='bbox 925 1382 1042 1427; x_wconf 72' lang='lat' dir='ltr'>Sicca,</span> <span class='ocrx_word' id='word_1_156' title='bbox 1089 1382 1191 1421; x_wconf 90' lang='lat' dir='ltr'>idem</span> <span class='ocrx_word' id='word_1_157' title='bbox 1237 1382 1276 1420; x_wconf 94' lang='lat' dir='ltr'>in</span> <span class='ocrx_word' id='word_1_158' title='bbox 1315 1382 1338 1420; x_wconf 90' lang='lat' dir='ltr'>l.</span> <span class='ocrx_word' id='word_1_159' title='bbox 1363 1382 1431 1421; x_wconf 81' lang='lat' dir='ltr'>XII</span> <span class='ocrx_word' id='word_1_160' title='bbox 1463 1382 1570 1422; x_wconf 81' lang='lat' dir='ltr'>Sicca</span> 
     </span>
     <span class='ocr_line' id='line_1_21' title="bbox 148 1451 1567 1504; baseline 0 -14"><span class='ocrx_word' id='word_1_161' title='bbox 148 1458 295 1499; x_wconf 81' lang='lat' dir='ltr'>servat3</span> <span class='ocrx_word' id='word_1_162' title='bbox 335 1452 470 1491; x_wconf 84' lang='lat' dir='ltr'>scribit</span> <span class='ocrx_word' id='word_1_163' title='bbox 500 1452 684 1492; x_wconf 77' lang='lat' dir='ltr'>Scaevula</span> <span class='ocrx_word' id='word_1_164' title='bbox 716 1465 786 1504; x_wconf 88' lang='lat' dir='ltr'>pro</span> <span class='ocrx_word' id='word_1_165' title='bbox 818 1452 1011 1497; x_wconf 73' lang='lat' dir='ltr'>Scaevola,</span> <span class='ocrx_word' id='word_1_166' title='bbox 1044 1451 1196 1491; x_wconf 70' lang='lat' dir='ltr'>Seoetins</span> <span class='ocrx_word' id='word_1_167' title='bbox 1228 1464 1296 1503; x_wconf 91' lang='lat' dir='ltr'>pro</span> <span class='ocrx_word' id='word_1_168' title='bbox 1329 1451 1488 1498; x_wconf 62' lang='lat' dir='ltr'>Sestius,</span> <span class='ocrx_word' id='word_1_169' title='bbox 1529 1452 1567 1490; x_wconf 91' lang='lat' dir='ltr'>in</span> 
     </span>
     <span class='ocr_line' id='line_1_22' title="bbox 147 1520 1566 1572; baseline -0.001 -12"><span class='ocrx_word' id='word_1_170' title='bbox 147 1520 409 1571; x_wconf 82' lang='lat' dir='ltr'>grammaticis</span> <span class='ocrx_word' id='word_1_171' title='bbox 455 1521 571 1560; x_wconf 91' lang='lat' dir='ltr'>rebus</span> <span class='ocrx_word' id='word_1_172' title='bbox 618 1521 750 1560; x_wconf 90' lang='lat' dir='ltr'>eadem</span> <span class='ocrx_word' id='word_1_173' title='bbox 798 1534 876 1559; x_wconf 93' lang='lat' dir='ltr'>non</span> <span class='ocrx_word' id='word_1_174' title='bbox 923 1533 1138 1572; x_wconf 89' lang='lat' dir='ltr'>numquam</span> <span class='ocrx_word' id='word_1_175' title='bbox 1183 1520 1394 1572; x_wconf 88' lang='lat' dir='ltr'>pertinacia</span> <span class='ocrx_word' id='word_1_176' title='bbox 1433 1521 1566 1559; x_wconf 88' lang='lat' dir='ltr'>utitur.</span> 
     </span>
     <span class='ocr_line' id='line_1_23' title="bbox 148 1589 1572 1641; baseline -0.001 -12"><span class='ocrx_word' id='word_1_177' title='bbox 148 1589 290 1641; x_wconf 90' lang='lat' dir='ltr'>quippe</span> <span class='ocrx_word' id='word_1_178' title='bbox 336 1589 402 1641; x_wconf 89' lang='lat' dir='ltr'>qui</span> <span class='ocrx_word' id='word_1_179' title='bbox 448 1602 517 1641; x_wconf 92' lang='lat' dir='ltr'>pro</span> <span class='ocrx_word' id='word_1_180' title='bbox 557 1602 631 1629; x_wconf 80' lang='lat' dir='ltr'>non</span> <span class='ocrx_word' id='word_1_181' title='bbox 668 1602 738 1641; x_wconf 81' lang='lat' dir='ltr'>quo</span> <span class='ocrx_word' id='word_1_182' title='bbox 770 1602 857 1628; x_wconf 88' lang='lat' dir='ltr'>cum</span> <span class='ocrx_word' id='word_1_183' title='bbox 892 1590 991 1628; x_wconf 92' lang='lat' dir='ltr'>coni.</span> <span class='ocrx_word' id='word_1_184' title='bbox 1025 1589 1209 1628; x_wconf 87' lang='lat' dir='ltr'>omnibus</span> <span class='ocrx_word' id='word_1_185' title='bbox 1240 1589 1334 1628; x_wconf 90' lang='lat' dir='ltr'>locis</span> <span class='ocrx_word' id='word_1_186' title='bbox 1365 1602 1442 1629; x_wconf 79' lang='lat' dir='ltr'>non</span> <span class='ocrx_word' id='word_1_187' title='bbox 1473 1589 1572 1641; x_wconf 75' lang='lat' dir='ltr'>quod</span> 
     </span>
     <span class='ocr_line' id='line_1_24' title="bbox 147 1658 1568 1710; baseline 0 -14"><span class='ocrx_word' id='word_1_188' title='bbox 147 1665 276 1710; x_wconf 81' lang='lat' dir='ltr'>ponat.</span> <span class='ocrx_word' id='word_1_189' title='bbox 317 1658 417 1698; x_wconf 90' lang='lat' dir='ltr'>idem</span> <span class='ocrx_word' id='word_1_190' title='bbox 451 1665 554 1698; x_wconf 88' lang='lat' dir='ltr'>recte</span> <span class='ocrx_word' id='word_1_191' title='bbox 587 1659 624 1697; x_wconf 92' lang='lat' dir='ltr'>in</span> <span class='ocrx_word' id='word_1_192' title='bbox 658 1659 794 1698; x_wconf 83' lang='lat' dir='ltr'>diebus</span> <span class='ocrx_word' id='word_1_193' title='bbox 827 1658 1056 1697; x_wconf 85' lang='lat' dir='ltr'>definiendis</span> <span class='ocrx_word' id='word_1_194' title='bbox 1087 1658 1249 1709; x_wconf 89' lang='lat' dir='ltr'>primus.</span> <span class='ocrx_word' id='word_1_195' title='bbox 1283 1666 1472 1709; x_wconf 89' lang='lat' dir='ltr'>quantum</span> <span class='ocrx_word' id='word_1_196' title='bbox 1506 1658 1568 1697; x_wconf 89' lang='lat' dir='ltr'>in—</span> 
     </span>
     <span class='ocr_line' id='line_1_25' title="bbox 147 1726 1564 1779; baseline -0.001 -13"><span class='ocrx_word' id='word_1_197' title='bbox 147 1729 248 1770; x_wconf 78' lang='lat' dir='ltr'>veni,</span> <span class='ocrx_word' id='word_1_198' title='bbox 272 1740 316 1766; x_wconf 87' lang='lat' dir='ltr'>ex</span> <span class='ocrx_word' id='word_1_199' title='bbox 340 1727 522 1767; x_wconf 87' lang='lat' dir='ltr'>omnibus</span> <span class='ocrx_word' id='word_1_200' title='bbox 541 1728 678 1766; x_wconf 81' lang='lat' dir='ltr'>haruin</span> <span class='ocrx_word' id='word_1_201' title='bbox 703 1728 958 1779; x_wconf 88' lang='lat' dir='ltr'>epistularum</span> <span class='ocrx_word' id='word_1_202' title='bbox 983 1727 1195 1766; x_wconf 88' lang='lat' dir='ltr'>editoribus</span> <span class='ocrx_word' id='word_1_203' title='bbox 1213 1740 1283 1778; x_wconf 90' lang='lat' dir='ltr'>pro</span> <span class='ocrx_word' id='word_1_204' title='bbox 1305 1727 1353 1766; x_wconf 80' lang='lat' dir='ltr'>ad</span> <span class='ocrx_word' id='word_1_205' title='bbox 1372 1726 1464 1765; x_wconf 77' lang='lat' dir='ltr'>XVI</span> <span class='ocrx_word' id='word_1_206' title='bbox 1478 1727 1564 1766; x_wconf 83' lang='lat' dir='ltr'>Kal.</span> 
     </span>
     <span class='ocr_line' id='line_1_26' title="bbox 148 1796 1568 1846; baseline 0 -12"><span class='ocrx_word' id='word_1_207' title='bbox 148 1797 205 1835; x_wconf 87' lang='lat' dir='ltr'>vel</span> <span class='ocrx_word' id='word_1_208' title='bbox 237 1797 323 1835; x_wconf 89' lang='lat' dir='ltr'>sim.</span> <span class='ocrx_word' id='word_1_209' title='bbox 357 1810 390 1836; x_wconf 88' lang='lat' dir='ltr'>a.</span> <span class='ocrx_word' id='word_1_210' title='bbox 424 1797 459 1835; x_wconf 78' lang='lat' dir='ltr'>d.</span> <span class='ocrx_word' id='word_1_211' title='bbox 494 1796 588 1836; x_wconf 76' lang='lat' dir='ltr'>XVI</span> <span class='ocrx_word' id='word_1_212' title='bbox 614 1797 701 1836; x_wconf 84' lang='lat' dir='ltr'>Kal.</span> <span class='ocrx_word' id='word_1_213' title='bbox 740 1797 777 1835; x_wconf 91' lang='lat' dir='ltr'>in</span> <span class='ocrx_word' id='word_1_214' title='bbox 812 1804 960 1835; x_wconf 78' lang='lat' dir='ltr'>textum</span> <span class='ocrx_word' id='word_1_215' title='bbox 995 1796 1219 1835; x_wconf 84' lang='lat' dir='ltr'>introduxit.</span> <span class='ocrx_word' id='word_1_216' title='bbox 1278 1796 1323 1846; x_wconf 65' lang='lat' dir='ltr'>br)</span> <span class='ocrx_word' id='word_1_217' title='bbox 1355 1796 1568 1835; x_wconf 88' lang='lat' dir='ltr'>Lambinus</span> 
     </span>
     <span class='ocr_line' id='line_1_27' title="bbox 146 1865 1568 1918; baseline -0.001 -14"><span class='ocrx_word' id='word_1_218' title='bbox 146 1866 185 1904; x_wconf 94' lang='lat' dir='ltr'>in</span> <span class='ocrx_word' id='word_1_219' title='bbox 220 1872 324 1906; x_wconf 81' lang='lat' dir='ltr'>textu</span> <span class='ocrx_word' id='word_1_220' title='bbox 359 1866 634 1906; x_wconf 87' lang='lat' dir='ltr'>constituendo</span> <span class='ocrx_word' id='word_1_221' title='bbox 665 1873 702 1906; x_wconf 86' lang='lat' dir='ltr'>st</span> <span class='ocrx_word' id='word_1_222' title='bbox 734 1866 921 1918; x_wconf 87' lang='lat' dir='ltr'>sequitur,</span> <span class='ocrx_word' id='word_1_223' title='bbox 956 1867 1019 1905; x_wconf 89' lang='lat' dir='ltr'>sed</span> <span class='ocrx_word' id='word_1_224' title='bbox 1052 1866 1115 1904; x_wconf 90' lang='lat' dir='ltr'>ita.</span> <span class='ocrx_word' id='word_1_225' title='bbox 1149 1872 1191 1904; x_wconf 89' lang='lat' dir='ltr'>ut</span> <span class='ocrx_word' id='word_1_226' title='bbox 1220 1878 1296 1904; x_wconf 89' lang='lat' dir='ltr'>uon</span> <span class='ocrx_word' id='word_1_227' title='bbox 1320 1866 1453 1916; x_wconf 88' lang='lat' dir='ltr'>paucis</span> <span class='ocrx_word' id='word_1_228' title='bbox 1476 1865 1568 1904; x_wconf 80' lang='lat' dir='ltr'>loris</span> 
     </span>
     <span class='ocr_line' id='line_1_28' title="bbox 147 1934 1566 1986; baseline -0.001 -12"><span class='ocrx_word' id='word_1_229' title='bbox 147 1935 331 1974; x_wconf 88' lang='lat' dir='ltr'>lectiones</span> <span class='ocrx_word' id='word_1_230' title='bbox 364 1948 407 1974; x_wconf 82' lang='lat' dir='ltr'>ex</span> <span class='ocrx_word' id='word_1_231' title='bbox 431 1935 669 1986; x_wconf 82' lang='lat' dir='ltr'>hervagiana,</span> <span class='ocrx_word' id='word_1_232' title='bbox 702 1936 923 1975; x_wconf 84' lang='lat' dir='ltr'>victoriana.</span> <span class='ocrx_word' id='word_1_233' title='bbox 958 1935 1180 1974; x_wconf 86' lang='lat' dir='ltr'>manutiana</span> <span class='ocrx_word' id='word_1_234' title='bbox 1212 1934 1379 1973; x_wconf 91' lang='lat' dir='ltr'>editione</span> <span class='ocrx_word' id='word_1_235' title='bbox 1402 1935 1566 1973; x_wconf 87' lang='lat' dir='ltr'>hauriat.</span> 
     </span>
     <span class='ocr_line' id='line_1_29' title="bbox 148 2003 1568 2056; baseline 0 -14"><span class='ocrx_word' id='word_1_236' title='bbox 148 2006 184 2054; x_wconf 84' lang='lat' dir='ltr'>c)</span> <span class='ocrx_word' id='word_1_237' title='bbox 218 2003 431 2043; x_wconf 89' lang='lat' dir='ltr'>Lambinus</span> <span class='ocrx_word' id='word_1_238' title='bbox 476 2011 514 2043; x_wconf 88' lang='lat' dir='ltr'>et</span> <span class='ocrx_word' id='word_1_239' title='bbox 559 2017 694 2044; x_wconf 87' lang='lat' dir='ltr'>eorum</span> <span class='ocrx_word' id='word_1_240' title='bbox 744 2005 929 2051; x_wconf 85' lang='lat' dir='ltr'>virorum,</span> <span class='ocrx_word' id='word_1_241' title='bbox 978 2018 1076 2055; x_wconf 85' lang='lat' dir='ltr'>quos</span> <span class='ocrx_word' id='word_1_242' title='bbox 1122 2004 1159 2042; x_wconf 93' lang='lat' dir='ltr'>in</span> <span class='ocrx_word' id='word_1_243' title='bbox 1207 2003 1407 2056; x_wconf 89' lang='lat' dir='ltr'>prooemio</span> <span class='ocrx_word' id='word_1_244' title='bbox 1448 2004 1568 2042; x_wconf 88' lang='lat' dir='ltr'>adno-</span> 
     </span>
     <span class='ocr_line' id='line_1_30' title="bbox 148 2073 1567 2125; baseline 0 -14"><span class='ocrx_word' id='word_1_245' title='bbox 148 2073 339 2112; x_wconf 87' lang='lat' dir='ltr'>tationum</span> <span class='ocrx_word' id='word_1_246' title='bbox 387 2073 517 2112; x_wconf 89' lang='lat' dir='ltr'>laudat</span> <span class='ocrx_word' id='word_1_247' title='bbox 564 2074 701 2123; x_wconf 65' lang='lat' dir='ltr'>(Quae</span> <span class='ocrx_word' id='word_1_248' title='bbox 749 2075 785 2112; x_wconf 94' lang='lat' dir='ltr'>in</span> <span class='ocrx_word' id='word_1_249' title='bbox 833 2074 892 2112; x_wconf 92' lang='lat' dir='ltr'>his</span> <span class='ocrx_word' id='word_1_250' title='bbox 930 2073 974 2111; x_wconf 90' lang='lat' dir='ltr'>ad</span> <span class='ocrx_word' id='word_1_251' title='bbox 1009 2075 1121 2112; x_wconf 74' lang='lat' dir='ltr'>Attio.</span> <span class='ocrx_word' id='word_1_252' title='bbox 1153 2073 1327 2125; x_wconf 86' lang='lat' dir='ltr'>epistolis</span> <span class='ocrx_word' id='word_1_253' title='bbox 1366 2073 1567 2112; x_wconf 86' lang='lat' dir='ltr'>emendata</span> 
     </span>
     <span class='ocr_line' id='line_1_31' title="bbox 149 2141 1567 2187; baseline 0 -7"><span class='ocrx_word' id='word_1_254' title='bbox 149 2149 252 2187; x_wconf 83' lang='lat' dir='ltr'>sunt,</span> <span class='ocrx_word' id='word_1_255' title='bbox 285 2141 416 2181; x_wconf 88' lang='lat' dir='ltr'>omnia</span> <span class='ocrx_word' id='word_1_256' title='bbox 448 2144 525 2181; x_wconf 85' lang='lat' dir='ltr'>fere</span> <span class='ocrx_word' id='word_1_257' title='bbox 559 2142 803 2182; x_wconf 74' lang='lat' dir='ltr'>1‘.victo1·i0.</span> <span class='ocrx_word' id='word_1_258' title='bbox 837 2142 969 2182; x_wconf 90' lang='lat' dir='ltr'>Paullo</span> <span class='ocrx_word' id='word_1_259' title='bbox 993 2142 1178 2182; x_wconf 81' lang='lat' dir='ltr'>Manutio.</span> <span class='ocrx_word' id='word_1_260' title='bbox 1213 2142 1362 2181; x_wconf 88' lang='lat' dir='ltr'>Sebast.</span> <span class='ocrx_word' id='word_1_261' title='bbox 1387 2142 1567 2180; x_wconf 81' lang='lat' dir='ltr'>Corrado.</span> 
     </span>
     <span class='ocr_line' id='line_1_32' title="bbox 149 2210 1566 2263; baseline 0.001 -15"><span class='ocrx_word' id='word_1_262' title='bbox 149 2211 236 2249; x_wconf 78' lang='lat' dir='ltr'>Adr.</span> <span class='ocrx_word' id='word_1_263' title='bbox 261 2210 455 2249; x_wconf 85' lang='lat' dir='ltr'>Turnebo.</span> <span class='ocrx_word' id='word_1_264' title='bbox 491 2211 688 2250; x_wconf 81' lang='lat' dir='ltr'>Leonardo</span> <span class='ocrx_word' id='word_1_265' title='bbox 712 2212 978 2263; x_wconf 82' lang='lat' dir='ltr'>Malaespinae,</span> <span class='ocrx_word' id='word_1_266' title='bbox 1012 2218 1050 2250; x_wconf 85' lang='lat' dir='ltr'>et</span> <span class='ocrx_word' id='word_1_267' title='bbox 1081 2211 1278 2250; x_wconf 86' lang='lat' dir='ltr'>codicibus</span> <span class='ocrx_word' id='word_1_268' title='bbox 1310 2210 1566 2249; x_wconf 82' lang='lat' dir='ltr'>Memmianis.</span> 
     </span>
     <span class='ocr_line' id='line_1_33' title="bbox 147 2278 1566 2332; baseline -0.001 -13"><span class='ocrx_word' id='word_1_269' title='bbox 147 2286 301 2332; x_wconf 88' lang='lat' dir='ltr'>accepta</span> <span class='ocrx_word' id='word_1_270' title='bbox 347 2279 546 2318; x_wconf 81' lang='lat' dir='ltr'>referenda</span> <span class='ocrx_word' id='word_1_271' title='bbox 593 2280 714 2330; x_wconf 79' lang='lat' dir='ltr'>sunt&#39;)</span> <span class='ocrx_word' id='word_1_272' title='bbox 761 2288 798 2319; x_wconf 85' lang='lat' dir='ltr'>et</span> <span class='ocrx_word' id='word_1_273' title='bbox 844 2280 927 2319; x_wconf 86' lang='lat' dir='ltr'>Err.</span> <span class='ocrx_word' id='word_1_274' title='bbox 963 2280 1161 2332; x_wconf 77' lang='lat' dir='ltr'>Stephani.</span> <span class='ocrx_word' id='word_1_275' title='bbox 1211 2279 1370 2330; x_wconf 70' lang='lat' dir='ltr'>Sigonii.</span> <span class='ocrx_word' id='word_1_276' title='bbox 1419 2278 1566 2318; x_wconf 84' lang='lat' dir='ltr'>Faerni.</span> 
     </span>
     <span class='ocr_line' id='line_1_34' title="bbox 148 2347 1567 2401; baseline -0.001 -13"><span class='ocrx_word' id='word_1_277' title='bbox 148 2349 310 2388; x_wconf 86' lang='lat' dir='ltr'>aliorum</span> <span class='ocrx_word' id='word_1_278' title='bbox 359 2349 600 2388; x_wconf 87' lang='lat' dir='ltr'>coniecturas</span> <span class='ocrx_word' id='word_1_279' title='bbox 648 2350 683 2388; x_wconf 92' lang='lat' dir='ltr'>in</span> <span class='ocrx_word' id='word_1_280' title='bbox 732 2356 879 2389; x_wconf 81' lang='lat' dir='ltr'>textum</span> <span class='ocrx_word' id='word_1_281' title='bbox 927 2349 1086 2401; x_wconf 89' lang='lat' dir='ltr'>recepit.</span> <span class='ocrx_word' id='word_1_282' title='bbox 1149 2349 1187 2389; x_wconf 71' lang='lat' dir='ltr'>d)</span> <span class='ocrx_word' id='word_1_283' title='bbox 1229 2348 1440 2387; x_wconf 88' lang='lat' dir='ltr'>Lambinus</span> <span class='ocrx_word' id='word_1_284' title='bbox 1488 2347 1567 2399; x_wconf 89' lang='lat' dir='ltr'>ipse</span> 
     </span>
     <span class='ocr_line' id='line_1_35' title="bbox 149 2416 1566 2470; baseline -0.001 -13"><span class='ocrx_word' id='word_1_285' title='bbox 149 2417 249 2457; x_wconf 87' lang='lat' dir='ltr'>haud</span> <span class='ocrx_word' id='word_1_286' title='bbox 282 2418 414 2470; x_wconf 90' lang='lat' dir='ltr'>paucis</span> <span class='ocrx_word' id='word_1_287' title='bbox 446 2418 538 2456; x_wconf 86' lang='lat' dir='ltr'>locis</span> <span class='ocrx_word' id='word_1_288' title='bbox 567 2418 810 2458; x_wconf 89' lang='lat' dir='ltr'>coniecturas</span> <span class='ocrx_word' id='word_1_289' title='bbox 833 2419 1063 2470; x_wconf 75' lang='lat' dir='ltr'>excogitavit</span> <span class='ocrx_word' id='word_1_290' title='bbox 1084 2426 1198 2469; x_wconf 84' lang='lat' dir='ltr'>atque</span> <span class='ocrx_word' id='word_1_291' title='bbox 1221 2417 1303 2456; x_wconf 90' lang='lat' dir='ltr'>sine</span> <span class='ocrx_word' id='word_1_292' title='bbox 1326 2416 1566 2455; x_wconf 88' lang='lat' dir='ltr'>dubitatione</span> 
     </span>
     <span class='ocr_line' id='line_1_36' title="bbox 150 2486 1565 2531; baseline -0.002 -5"><span class='ocrx_word' id='word_1_293' title='bbox 150 2486 272 2526; x_wconf 87' lang='lat' dir='ltr'>textui</span> <span class='ocrx_word' id='word_1_294' title='bbox 303 2486 482 2526; x_wconf 87' lang='lat' dir='ltr'>obtrusit.</span> <span class='ocrx_word' id='word_1_295' title='bbox 537 2490 571 2531; x_wconf 72' lang='lat' dir='ltr'>e)</span> <span class='ocrx_word' id='word_1_296' title='bbox 604 2487 644 2525; x_wconf 91' lang='lat' dir='ltr'>ln</span> <span class='ocrx_word' id='word_1_297' title='bbox 669 2487 985 2527; x_wconf 85' lang='lat' dir='ltr'>adnotationibus</span> <span class='ocrx_word' id='word_1_298' title='bbox 1009 2487 1221 2526; x_wconf 89' lang='lat' dir='ltr'>Lambinus</span> <span class='ocrx_word' id='word_1_299' title='bbox 1244 2486 1414 2525; x_wconf 87' lang='lat' dir='ltr'>rationes</span> <span class='ocrx_word' id='word_1_300' title='bbox 1440 2492 1565 2524; x_wconf 80' lang='lat' dir='ltr'>textus</span> 
     </span>
     <span class='ocr_line' id='line_1_37' title="bbox 150 2556 1566 2608; baseline -0.001 -12"><span class='ocrx_word' id='word_1_301' title='bbox 150 2556 352 2596; x_wconf 85' lang='lat' dir='ltr'>constituti</span> <span class='ocrx_word' id='word_1_302' title='bbox 398 2556 573 2608; x_wconf 78' lang='lat' dir='ltr'>exponit,</span> <span class='ocrx_word' id='word_1_303' title='bbox 628 2556 761 2596; x_wconf 90' lang='lat' dir='ltr'>multis</span> <span class='ocrx_word' id='word_1_304' title='bbox 815 2569 903 2596; x_wconf 68' lang='lat' dir='ltr'>vero</span> <span class='ocrx_word' id='word_1_305' title='bbox 949 2557 1043 2597; x_wconf 88' lang='lat' dir='ltr'>locis</span> <span class='ocrx_word' id='word_1_306' title='bbox 1099 2556 1341 2595; x_wconf 84' lang='lat' dir='ltr'>coniecturas</span> <span class='ocrx_word' id='word_1_307' title='bbox 1394 2561 1566 2606; x_wconf 85' lang='lat' dir='ltr'>receptas</span> 
     </span>
    </p>
   </div>
  </div>
 </body>
</html>
