1821 3077
726 152 1170 193 ——180—

676 484 1012 538 CAPUT
1072 485 1230 539 VIII.

356 708 417 747 DE
454 708 518 747 RE
555 707 750 747 CRITICA
788 708 984 748 AGENDA
1022 707 1140 755 QUID
1180 707 1245 747 EX
1276 708 1544 749 STEMMATE

794 788 1100 828 EFFIClATUR.

355 883 451 923 Cum
484 895 620 923 omnes
651 883 815 931 codices,
847 884 914 936 qui
936 897 1022 936 epp.
1045 885 1090 924 ad
1114 885 1191 925 Att.
1223 885 1408 938 epistulas
1430 886 1574 925 habent
1594 894 1661 927 aut

242 952 473 999 habuerunt,
498 953 535 991 in
569 952 665 992 duas
687 953 828 992 classes
851 953 881 991 Y
902 959 940 992 et
963 956 1000 992 52
1022 953 1232 1001 discedant,
1266 956 1303 993 Ω
1326 967 1481 1006 quoque
1502 955 1542 994 in
1565 955 1659 996 duas

243 1021 386 1061 classes
420 1023 455 1060 Σ
476 1027 512 1060 et
537 1025 576 1060 Δ
598 1021 717 1060 divisa
748 1021 810 1067 sit,
842 1021 871 1059 Y
902 1021 1067 1073 denique
1098 1034 1212 1073 quam
1246 1023 1449 1062 lectionem
1484 1023 1663 1065 habuerit

241 1101 321 1129 non
367 1090 551 1128 omnibus
587 1091 681 1129 locis
712 1096 850 1129 notum
883 1090 950 1137 sit,
997 1097 1164 1141 quatuor
1206 1091 1499 1132 condicionibus
1545 1093 1584 1132 in
1620 1105 1662 1132 re

245 1157 377 1198 critica
409 1159 621 1197 exercenda
655 1159 814 1197 utimur.

358 1228 397 1276 1)
430 1227 559 1266 Prima
591 1233 650 1266 est
681 1227 875 1273 condicio,
911 1227 975 1266 ubi
1013 1234 1051 1266 et
1082 1227 1112 1266 Y
1142 1227 1235 1279 quid
1283 1228 1459 1268 habuerit
1508 1235 1662 1269 constat

243 1302 280 1334 et
311 1296 340 1334 Y
372 1308 459 1335 cum
495 1297 532 1334 Ω
563 1297 774 1335 consentit:
808 1296 887 1335 sive
918 1309 1005 1335 vera
1038 1303 1097 1335 est
1127 1296 1240 1335 lectio
1267 1296 1297 1335 Y
1317 1296 1367 1349 —l—
1387 1300 1424 1336 „Q
1455 1298 1534 1337 sive
1554 1298 1659 1345 falsa,

242 1364 339 1403 bene
385 1376 446 1403 res
485 1377 525 1403 se
566 1364 700 1410 habet3
742 1377 829 1403 nam
870 1364 1027 1410 seimus,
1070 1365 1161 1415 quid
1193 1365 1239 1411 X,
1281 1377 1396 1416 quem
1436 1365 1659 1406 maiusculis

241 1432 381 1471 litteris
414 1432 603 1485 scriptum
629 1433 748 1472 fnisse
772 1433 846 1471 veri
879 1433 1004 1472 simile
1027 1440 1097 1479 est,
1130 1433 1321 1480 habuerit,
1351 1434 1659 1486 emendatioque‚

248 1501 280 1539 si
312 1501 467 1552 quidem
511 1502 623 1540 lectio
655 1502 832 1540 codicum
880 1502 991 1552 cogit,
1039 1502 1154 1540 certis
1202 1502 1468 1542 fundamentis
1509 1503 1667 1551 nititur;

248 1569 320 1607 etsi
351 1569 452 1607 enim
487 1575 636 1609 textum
671 1570 708 1608 in
740 1570 773 1608 X
803 1582 881 1609 non
912 1570 1077 1609 liberum
1111 1570 1310 1610 erroribus
1342 1571 1461 1610 fuisse
1498 1577 1537 1611 et
1573 1584 1666 1611 con-

252 1644 481 1676 sentaneum
532 1645 590 1677 est
627 1645 664 1677 et
703 1652 748 1677 ex
787 1638 920 1677 multis
965 1639 1196 1678 lectionibus
1240 1639 1488 1691 intellegitur,
1539 1646 1667 1680 tamen

250 1719 404 1757 sperare
426 1707 527 1753 licet,
560 1708 764 1758 plerasque
786 1707 1027 1758 corruptelas
1058 1708 1232 1746 nondum
1266 1721 1350 1747 esse
1384 1715 1591 1761 temptatas
1621 1710 1668 1749 ab

248 1774 376 1825 aliquo
400 1775 558 1814 homine
581 1776 794 1814 conieiendi
817 1776 1004 1815 studioso.
1058 1777 1249 1822 Quoniam
1284 1790 1373 1816 vero
1395 1790 1440 1816 ex
1472 1778 1518 1815 W
1548 1791 1667 1830 pauca

248 1844 336 1881 solia
371 1851 536 1890 exstant,
576 1845 740 1883 maxime
780 1845 988 1883 dolendum
1026 1851 1096 1891 est,
1129 1857 1215 1884 raro
1243 1846 1513 1894 Cratandrum,
1551 1847 1665 1886 Lam-

255 1911 411 1956 binum,
458 1913 551 1951 alios
599 1914 644 1952 iis
691 1913 807 1959 locis,
854 1925 951 1963 quos
998 1919 1201 1965 corruptos
1248 1927 1332 1954 esse
1382 1915 1666 1966 intellegebant,

250 1978 434 2018 lectiones
479 1993 525 2019 ex
566 1981 593 2020 C
624 1987 662 2020 et
697 1981 721 2019 Z
766 1988 842 2020 tam
884 1981 1085 2032 diligenter
1121 1982 1289 2029 adferre,
1338 1990 1381 2022 ut
1421 1984 1467 2022 de
1503 1984 1530 2023 C
1568 1990 1606 2023 et
1643 1984 1667 2022 Z

250 2047 418 2086 dubitari
450 2061 528 2086 non
561 2049 696 2100 possit.
767 2049 861 2088 Nam
895 2050 987 2089 illud
1021 2051 1163 2089 iterum
1202 2052 1405 2099 admoneo,
1439 2065 1484 2091 ex
1516 2052 1667 2092 silentio

250 2115 450 2154 Cratandri
490 2124 527 2155 et
567 2118 742 2156 Lambini
776 2126 814 2157 et
844 2118 948 2158 Bosii
991 2119 1087 2157 nihil
1133 2119 1310 2159 concludi
1355 2133 1481 2172 posse,
1528 2134 1576 2160 ne
1623 2134 1667 2160 ex

251 2184 390 2223 talibus
437 2185 593 2235 quidem
648 2186 826 2225 Lambini
872 2187 1210 2226 adnotationibus:
1269 2188 1316 2227 ad
1362 2190 1438 2228 Att.
1479 2190 1495 2228 I
1543 2190 1606 2237 19,
1644 2190 1668 2229 9

249 2256 349 2290 ‘nam
381 2255 477 2305 quod
499 2266 555 2292 me
586 2255 739 2306 affuisse
767 2256 961 2295 scribendo
992 2257 1103 2305 vides]
1137 2256 1192 2295 sic
1216 2257 1321 2296 hunc
1348 2258 1474 2297 locum
1499 2258 1665 2305 restitui,

248 2320 461 2372 scripturae
509 2323 650 2361 veteris
708 2324 863 2374 vestigia
916 2331 1093 2363 secutus:
1145 2330 1261 2376 atque
1312 2326 1361 2364 ita
1413 2326 1497 2366 sine
1548 2326 1666 2366 dubio

246 2381 467 2439 legendum⁷
504 2390 751 2430 Lambinus1.
815 2393 882 2431 Cff.
916 2405 1031 2445 supra
1064 2405 1100 2444 p.
1125 2392 1176 2431 83
1209 2400 1248 2432 et
1280 2393 1371 2433 118.

361 2457 402 2503 2>
428 2459 554 2498 Altera
576 2466 634 2498 est
655 2461 843 2507 condicio,
867 2461 898 2499 si
921 2461 967 2500 de
989 2461 1018 2499 Y
1040 2468 1192 2500 constat
1214 2468 1251 2501 et
1272 2462 1302 2500 Y
1323 2475 1411 2501 cum
1436 2464 1473 2501 Σ
1490 2469 1556 2502 aut
1578 2475 1665 2502 cum

249 2529 288 2563 A
311 2526 530 2571 consentit;
561 2526 612 2566 ita
636 2527 668 2566 si
690 2534 758 2574 est,
791 2530 851 2567 lex
881 2536 940 2568 est
961 2530 1177 2569 certissima
1208 2530 1245 2569 in
1278 2543 1320 2569 re
1351 2531 1482 2570 critica
1504 2531 1667 2582 agenda:

247 2597 283 2643 a)
325 2595 363 2633 Y
377 2594 428 2646 -ἧ-
448 2596 485 2634 E
502 2595 624 2647 pluris
644 2604 732 2635 sunt
753 2609 864 2648 qnam
888 2602 939 2637 A.
979 2598 1020 2649 b)
1058 2599 1091 2637 Y
1106 2599 1158 2650 -ι-
1179 2604 1217 2638 Λ
1233 2600 1361 2651 pluris
1379 2606 1467 2638 sunt
1486 2612 1600 2651 quam
1621 2601 1667 2639 Σ.

246 2684 298 2688 »ν
333 2662 387 2701 Ad
421 2676 503 2702 earn
537 2664 659 2715 legem
693 2665 956 2716 explicandam
992 2680 1114 2706 unum
1139 2668 1265 2707 locum
1298 2668 1449 2707 adfero:
1482 2668 1528 2706 Vl
1556 2669 1591 2715 1,
1614 2666 1666 2707 25
