1821 3077
0 2458 14 2543 ιιι-4

586 168 700 171 ——
780 144 1041 184 159—

97 276 176 303 non
236 263 444 311 credimus,
500 263 603 315 quod
657 263 822 302 eundem
871 262 996 302 virum
1051 262 1208 302 doctum
1256 271 1291 303 et
1323 264 1527 315 gradatim,

101 334 205 386 quod
238 333 276 372 in
312 333 444 372 eadem
488 334 511 381 ξ
542 332 582 371 in
609 332 638 370 F
671 339 731 371 est
761 339 878 384 atque
916 332 963 371 ab
995 331 1177 371 omnibus
1211 332 1408 372 codicibus
1441 345 1528 385 epp.

99 403 145 442 ad
170 403 246 442 Ati.
279 401 400 449 abest,
433 401 655 441 additurum
690 401 811 441 fuisse
834 403 1049 453 putamus),
1082 407 1186 440 certe
1214 401 1380 452 genuina
1401 401 1528 449 lectio,

1215 480 1232 500 S

97 528 175 555 non
217 515 441 555 coniectura
481 514 601 558 est*›.
663 516 774 563 Quod
818 528 906 555 cum
947 529 1022 555 una
1060 516 1174 556 lectio
1213 529 1231 555 c
1269 516 1417 567 signata
1450 528 1528 555 nou

99 586 149 626 sit
187 586 423 631 coniectura,
470 585 580 625 valde
612 586 771 625 dubium
814 592 885 632 est,
932 597 1027 624 num
1062 598 1198 625 omnes
1231 586 1401 637 reliquae
1433 597 1528 624 con-

954 666 970 685 S

102 701 272 741 iecturae
329 700 428 746 sint;
476 713 645 752 cumque
698 700 771 739 ista
825 706 915 739 nota
954 713 971 739 c
1009 699 1134 747 faciat,
1184 706 1226 738 ut
1267 712 1403 739 omnes
1434 699 1531 739 istae

98 770 284 810 lectiones
315 769 443 821 colligi
474 777 590 821 atque
622 769 725 808 inter
758 782 798 808 se
833 769 1050 821 comparari
1082 769 1247 821 possint,
1279 782 1407 820 neque
1440 782 1530 808 vero

98 851 204 878 nunc
264 845 428 886 constet,
506 846 638 878 utrum
691 851 869 890 quaeque
924 839 975 877 ita
1042 838 1190 889 signata
1259 838 1374 878 lectio
1436 851 1531 877 con-

100 909 246 948 iectura
287 908 338 947 sit
376 920 511 955 necne,
562 908 685 947 multo
725 907 920 946 difficilius
952 907 1025 946 erit
1057 908 1101 946 de
1133 907 1179 946 iis
1211 907 1444 946 lectionibus
1475 906 1530 945 Μ2

99 977 352 1023 constituere,
399 990 497 1029 quae
543 977 653 1028 signo
701 977 862 1016 omuino
909 983 1054 1016 carent.
1117 977 1274 1016 Accedit
1311 977 1431 1015 altera
1468 989 1531 1015 res

101 1059 223 1099 eaque
266 1046 510 1098 gravissima:
558 1047 762 1098 plerasque
803 1046 990 1085 lectiones
1030 1046 1082 1084 Μ2
1124 1046 1162 1085 iu
1201 1045 1406 1085 ENHORP
1446 1058 1531 1085 esse

102 1113 363 1162 diximus**),
395 1116 490 1155 illud
524 1129 599 1155 uon
634 1116 813 1163 dicimus,
846 1123 980 1154 utrum
1016 1116 1068 1153 31²
1102 1129 1147 1154 ex
1169 1117 1206 1154 Σ
1234 1128 1282 1154 an
1315 1129 1360 1154 ex
1381 1115 1451 1154 NH
1482 1128 1530 1155 an

101 1198 148 1225 ex
179 1185 209 1224 E
245 1198 293 1224 an
325 1198 372 1224 ex
405 1185 436 1224 Ο
469 1198 517 1224 an
550 1198 594 1224 ex
626 1185 690 1224 ΒΡ
722 1188 919 1237 profectae
952 1185 1049 1232 siut3
1097 1185 1165 1224 scd
1212 1187 1282 1232 fac,
1328 1185 1532 1237 plerasque

101 1255 288 1294 lectiones
320 1254 374 1293 M2
408 1267 453 1293 ex
485 1254 689 1294 ENHORP
722 1262 900 1306 sumptas
933 1267 1034 1294 esse:
1081 1262 1241 1306 apparet
1272 1253 1340 1302 31²,
1382 1254 1455 1293 etsi
1486 1267 1532 1293 ex

101 1325 232 1364 codice
277 1323 406 1375 aliquo
452 1324 637 1364 translata
684 1324 746 1371 sit,
794 1331 924 1363 tamen
967 1324 1230 1363 coniecturam
1273 1336 1358 1363 esse
1397 1336 1533 1375 posse3

101 1394 246 1434 etenim
280 1398 323 1432 ut
346 1397 398 1440 A,
430 1393 484 1433 ita
514 1406 565 1432 ne
586 1395 625 1432 Σ
651 1393 809 1445 quidem
842 1406 970 1444 neque
1002 1393 1028 1431 ii
1060 1393 1127 1444 qui
1158 1406 1203 1432 eo
1226 1393 1404 1445 prognati
1438 1399 1531 1432 sunt

101 1463 254 1502 codices
286 1462 519 1502 coniecturis
551 1462 662 1503 liberi
694 1470 798 1502 sunt.

218 1543 320 1583 Haec
350 1545 381 1583 si
403 1550 508 1583 recte
531 1545 797 1596 exposuimus,
830 1551 1001 1595 apparet,
1033 1543 1220 1583 lectiones
1243 1542 1311 1590 312,
1343 1543 1527 1594 quoniam

102 1626 208 1653 nunc
254 1625 330 1652 non
379 1618 543 1660 constat,
590 1619 734 1664 quauta
772 1614 913 1663 cuique
944 1612 1100 1651 lectioni
1131 1612 1226 1651 fides
1259 1611 1435 1651 habenda
1468 1611 1529 1658 sit,

103 1694 181 1721 non
228 1694 344 1734 posse
388 1681 562 1721 adhiberi
608 1682 653 1720 ad
700 1681 871 1733 reliquos
913 1681 1064 1720 codices
1103 1681 1382 1720 examinandos
1414 1686 1529 1731 atque

103 1750 378 1790 aestimandos.
432 1750 602 1789 Dubium
635 1750 737 1789 enim
778 1758 848 1796 est,
892 1763 986 1789 uum
1030 1756 1133 1789 recte
1177 1750 1222 1788 de
1255 1750 1309 1788 M2
1343 1749 1529 1789 constitui

103 1820 240 1872 possit,
262 1820 363 1872 quod
387 1820 469 1859 fieri
492 1820 632 1872 potuit,
658 1827 699 1859 ut
721 1820 900 1859 homiues
924 1820 1027 1859 docti
1050 1819 1263 1858 florentini
1287 1819 1530 1859 coniecturas

103 1897 143 1928 et
164 1890 355 1941 genuinas
376 1889 563 1928 lectiones
586 1901 664 1928 non
697 1889 1022 1934 inim-noscerent,
1056 1889 1238 1940 quodque
1262 1889 1363 1928 haud
1385 1874 1530 1940 pffucao

103 1958 290 1998 lectiones
322 1971 368 1998 ex
399 1959 599 1997 codicibus
632 1965 811 2010 sumptae
842 1965 946 2005 suut,
979 1971 1076 2010 quas
1109 1953 1330 1997 coniectura
1351 1958 1530 1997 inventas

104 2040 190 2067 esse
232 2034 404 2080 apparet.
463 2027 598 2079 Itaque
644 2027 689 2066 ad
727 2028 805 2066 Ati.
835 2027 887 2066 IX
919 2028 982 2073 16,
1014 2027 1037 2065 2
1078 2028 1130 2066 31¹
1178 2027 1296 2066 habet
1339 2028 1530 2079 triumpho

102 2097 259 2150 gaudeo,
292 2109 456 2148 eamque
487 2097 693 2136 lectionem
726 2097 764 2136 in
788 2096 822 2135 X
845 2098 964 2136 t'uisse
987 2097 1065 2135 ZL‘2
1098 2103 1137 2136 et
1159 2096 1218 2135 ΖΒ
1242 2097 1532 2143 demonstrant3

105 2173 209 2205 recte
240 2165 359 2216 igitur
380 2165 592 2204 Lambinus
615 2166 704 2205 inde
726 2166 915 2217 triumpho
935 2166 1075 2218 yamle'o
1097 2166 1282 2206 restituit.
1335 2165 1388 2205 M2
1415 2166 1531 2205 habet

104 2234 295 2287 triumpho
331 2241 365 2274 et
399 2236 553 2286 glaudio,
601 2235 813 2286 eademque
845 2235 957 2274 lectio
989 2235 1025 2274 in
1061 2237 1096 2274 Σ
1131 2235 1342 2275 invenitur.
1404 2235 1528 2274 Nemo

107 2304 271 2351 dubitat,
303 2303 397 2355 quin
429 2315 471 2342 ea
502 2303 614 2343 lectio
649 2316 754 2342 mera
786 2304 1006 2343 coniectura
1040 2304 1103 2343 sit.
1150 2304 1250 2351 Quid
1274 2302 1394 2355 ergo?
1426 2303 1528 2343 Num

198 2467 228 2510 *)
253 2466 458 2509 Impudentis
482 2471 534 2499 est
557 2467 681 2507 dicere,
709 2467 854 2509 quadam
873 2478 890 2499 a
910 2466 1068 2499 Colum-io
1088 2467 1284 2499 coniectura
1303 2467 1528 2506 excogitatum

108 2528 208 2565 atque
240 2532 319 2553 casu
353 2521 476 2553 sactum
503 2532 589 2560 esse,
622 2527 658 2554 ut
683 2523 749 2554 ista
777 2523 970 2554 coniectura
1000 2532 1071 2554 cum
1108 2532 1187 2554 xer-a
1229 2522 1375 2553 lectione
1402 2521 1426 2552 F
1453 2531 1530 2552 con-

108 2577 244 2609 sentiat.

200 2632 249 2672 ⁸⁸)
275 2630 322 2663 Cf.
352 2631 515 2662 lsi-{iones
544 2631 668 2670 san-ins,
695 2641 774 2672 quus
803 2642 859 2662 nos
888 2642 991 2673 nuper
1022 2631 1162 2662 editioni
1191 2642 1262 2672 epp.
1283 2630 1458 2661 Ciceronis
1477 2640 1529 2661 se-

110 2688 274 2719 lectarum
300 2687 339 2719 ab
367 2686 548 2719 normanno
579 2686 757 2717 institutae
783 2685 995 2717 subiecimus.
