1821 3077
794 166 874 208 165
937 190 1055 194 ———

602 237 624 259 X

125 300 201 326 non
233 287 476 338 accepimus,
531 287 659 337 itaque
696 291 1004 324 consentaneum
1043 291 1114 331 est,
1153 283 1189 322 M
1233 297 1277 322 ex
1316 283 1546 322 petrarchae

124 357 344 409 apographo
391 369 476 395 esse
520 354 765 407 profectum&
842 353 927 392 Non
970 360 1028 393 est
1069 360 1397 399 consentaneum,
1444 352 1545 402 quod

126 431 204 465 tota
255 426 327 465 ista
377 424 575 464 conclusio
627 424 824 463 claudicat.
906 422 964 461 Illi
1014 422 1118 461 enim
1170 421 1428 468 humanistae,
1481 421 1547 472 qui

122 495 377 547 appellantur,
410 506 532 533 novos
564 493 797 545 ignotosque
829 492 948 531 libros
981 491 1234 531 sectabantur
1257 490 1547 542 scriptoresque

122 563 340 616 incognitos
362 576 382 602 e
407 563 576 602 tenebris
600 562 637 602 in
671 563 797 601 lucem
824 574 956 600 vocare
979 560 1207 600 studebant:
1242 573 1362 599 novos
1395 559 1547 598 codices

123 645 259 672 eorum
291 632 495 680 librorum,
528 632 594 684 qui
625 632 699 671 iam
733 631 772 669 in
806 631 930 670 lucem
956 629 1079 669 vocati
1102 634 1224 676 erant,
1258 629 1381 669 multo
1416 628 1547 667 minus

121 691 197 738 illis
248 698 404 751 quidem
458 699 700 751 temporibus
714 699 751 751 *)
798 699 996 739 curabant.
1067 699 1202 750 Itaque
1248 698 1326 746 fac,
1378 697 1546 748 aliquem

123 767 281 807 doctum
314 768 440 807 virum
473 769 587 820 paulo
619 775 708 821 post
729 782 761 808 a.
787 768 894 808 1352
927 768 1091 808 alterum
1124 780 1258 807 earum
1291 766 1546 819 epistularum

122 837 320 889 exemplar
366 837 583 877 invenisse:
633 838 740 878 facile
779 838 906 891 potuit
943 837 1038 885 fieri,
1087 843 1129 876 ut
1174 837 1205 876 is
1243 837 1308 888 qui
1348 836 1550 875 invenerat

123 913 279 954 taceret,
327 906 435 946 facile
466 907 595 955 etiam,
644 914 687 946 ut.
718 908 749 947 si
781 908 843 947 cui
874 920 915 946 se
946 906 1141 946 invenisse
1173 906 1383 958 scripserat
1413 918 1454 944 ea
1487 918 1548 944 res

123 975 314 1014 oblivione
346 974 591 1014 obrueretur.
618 998 668 1002 —
693 975 805 1022 ‘Quid
834 975 954 1027 igitur
975 977 1169 1028 agendum
1201 974 1289 1015 est?
1322 975 1408 1022 Quo
1431 975 1548 1014 modo

121 1044 314 1096 quibusve
352 1043 570 1083 rationibus
611 1044 657 1083 de
697 1057 736 1083 re
772 1051 847 1085 tam
882 1045 984 1096 gravi
1017 1051 1175 1097 tamque
1208 1044 1354 1084 difficili
1385 1045 1546 1084 iudicari

121 1126 237 1166 posse
274 1111 439 1165 putas?'
517 1113 671 1154 Scilicet
718 1115 851 1154 eodem
892 1114 1008 1154 modo
1054 1114 1271 1166 iisdemque
1317 1113 1547 1161 rationibus,

121 1183 264 1235 quibus
298 1189 417 1222 totam
452 1195 522 1221 nos
554 1195 636 1222 rem
681 1183 955 1222 tractavimus:
993 1183 1181 1222 lectiones
1220 1196 1290 1222 nos
1325 1182 1550 1230 attulimus,

121 1259 164 1291 ut
223 1258 439 1304 appareret,
500 1257 691 1303 quantum
753 1260 856 1290 esset
916 1251 1124 1291 discrimen
1186 1252 1288 1291 inter
1339 1251 1446 1291 CWZ
1509 1258 1547 1291 et

119 1320 403 1369 NHEORPMs3
435 1320 668 1361 lectionibus
702 1320 759 1360 usi
790 1333 940 1369 sumus,
975 1328 1018 1361 ut
1044 1321 1316 1373 probaremus,
1354 1328 1543 1372 quantum

118 1389 321 1430 NHEORP
344 1402 363 1429 a
387 1390 448 1429 Ms
472 1389 679 1437 distarent,
702 1389 794 1429 item
820 1389 1053 1429 lectionibus
1071 1402 1091 1429 a
1113 1389 1217 1429 Petr.
1241 1403 1287 1429 ex
1309 1391 1545 1442 apographo,

117 1471 196 1499 non
229 1472 274 1498 ex
305 1459 436 1498 codice
467 1456 757 1506 Veronensi**)
798 1459 922 1498 allatis
971 1459 1125 1499 efficere
1163 1459 1430 1507 studebimus,
1478 1460 1544 1512 qui

118 1527 338 1568 stemmatis
383 1528 492 1567 locus
538 1527 761 1580 apographo
807 1528 1038 1567 tribuendus
1084 1529 1145 1567 sit.
1213 1528 1296 1574 Qua
1328 1528 1477 1567 ratione
1510 1529 1542 1568 si

116 1597 141 1636 ii
173 1597 240 1649 qui
272 1596 459 1649 epistulas
489 1597 535 1636 ad
569 1597 742 1638 Atticum
775 1597 944 1636 edendas
976 1603 1167 1636 curarunt
1200 1597 1257 1636 usi
1289 1605 1433 1645 essent,
1465 1598 1541 1636 iam

117 1666 266 1719 pridem
300 1666 540 1706 intellectum
575 1672 689 1714 esset,
718 1673 909 1717 quantum
936 1667 967 1705 M
1000 1666 1046 1705 ab
1068 1666 1290 1718 apographo
1313 1665 1544 1706 Petrarchae

117 1736 294 1784 distaret,
355 1742 394 1775 et
443 1735 714 1787 superstitiosa
776 1735 848 1774 ista
908 1735 1138 1775 verecundia
1190 1735 1333 1775 codicis
1383 1735 1544 1774 Medicei

119 1806 352 1845 evanuisset.

232 1871 310 1911 Nos
342 1870 428 1923 ipsi,
471 1883 558 1910 cum
600 1877 755 1923 tempus
789 1870 980 1918 deficeret,
1023 1870 1254 1909 Petrarchae
1301 1855 1414 1922 opeffi
1462 1882 1541 1909 non

119 1940 357 1993 perlegimus
389 1940 434 1979 ad
469 1940 562 1979 tales
600 1939 786 1979 lectiones
827 1939 1132 1990 i1n·estiga11‹las;
1178 1939 1309 1990 itaque
1354 1938 1400 1978 iis
1447 1938 1542 1978 loeis

120 2010 281 2056 utimur,
313 2022 411 2060 quos
443 2008 647 2048 Viertelius
679 2009 768 2048 inde
800 2022 819 2047 a
851 2022 888 2060 p.
925 2008 975 2048 28
1008 2008 1215 2059 congessit.
1259 2008 1352 2048 lllud
1385 2021 1541 2060 quoque

118 2079 391 2124 admonemus,
424 2090 469 2116 ex
501 2077 547 2116 iis
580 2078 672 2117 locis
702 2090 799 2130 qnos
825 2076 1031 2116 Petra1·cha
1065 2077 1231 2116 strictim
1265 2077 1387 2129 tangit
1415 2089 1541 2129 neque

118 2148 163 2186 ad
220 2146 380 2186 verbum
436 2147 548 2194 citat,
614 2147 680 2186 sed
739 2146 850 2198 quasi
914 2146 1136 2186 ornamenti
1189 2146 1273 2186 loco
1326 2147 1372 2186 ad
1427 2159 1537 2186 suam

119 2216 332 2256 orationem
383 2215 647 2255 illustrandam
697 2216 819 2267 ponit,
867 2215 961 2254 nibil
1006 2215 1187 2255 concludi
1229 2229 1357 2267 posse.
1427 2215 1541 2255 Erret

117 2285 236 2337 igitur
279 2284 345 2335 qui
391 2298 437 2323 ex
485 2284 542 2323 his
591 2284 716 2324 verbis
749 2285 980 2324 Petrarcllae
1027 2285 1092 2336 (cf.
1126 2284 1278 2324 Viertel.
1312 2298 1347 2336 p.
1382 2284 1450 2329 30)
1491 2288 1540 2323 ‘et

120 2354 224 2406 quod
257 2353 358 2406 apud
392 2352 616 2392 Ciceronem
650 2354 832 2404 legimus:
866 2353 998 2393 nullus
1017 2355 1132 2405 fortis
1153 2361 1205 2394 esc
1225 2353 1338 2399 locus,
1371 2356 1410 2393 in
1431 2366 1540 2406 quem

116 2423 621 2488 mos-tertoribus
664 2446 889 2488 temporibus,
935 2446 1054 2487 quibus
1096 2446 1288 2478 Florentini
1331 2446 1538 2476 humanis-tae

117 2500 290 2541 vigebant,
317 2510 376 2530 uos
404 2510 465 2530 non
491 2499 630 2538 agimus.

207 2554 255 2594 **)
300 2553 460 2595 Quoniam
505 2554 713 2592 ignoramus,
757 2559 790 2585 et
830 2559 951 2596 quanta
995 2554 1170 2594 diligentia
1215 2553 1304 2584 Petr.
1348 2554 1379 2585 in
1423 2554 1538 2586 codice

119 2609 339 2642 describendo
368 2618 447 2638 usus
474 2609 520 2639 sit
547 2612 580 2639 et
605 2613 683 2649 quot
712 2608 795 2639 locis
821 2618 870 2648 ea,
901 2619 984 2650 quae
1011 2609 1043 2639 in
1072 2609 1144 2640 cod.
1172 2608 1361 2640 veronensi
1394 2608 1537 2648 invenit,

118 2664 360 2702 emendaverit,
388 2663 426 2693 de
453 2663 518 2694 isto
538 2663 608 2693 cod.
630 2662 814 2694 Veronensi
837 2674 899 2693 nou
920 2664 1145 2705 disputamus;
1174 2673 1235 2693 non
1258 2672 1430 2704 numquam
1449 2663 1535 2694 enini

120 2718 166 2761 fit,
192 2723 229 2750 ut
254 2718 338 2750 nihil
365 2718 454 2749 scire
482 2717 671 2749 cci-tissima
700 2717 745 2748 sit
771 2717 925 2748 scientia.
