1821 3077
736 162 1178 202 ——140—

251 281 482 332 Schepssius
517 282 576 326 (cf.
597 293 712 332 supra
737 293 772 332 p.
792 280 834 330 5)
868 279 1006 326 edidit3
1037 281 1179 319 itineris
1208 280 1317 319 abest
1349 279 1396 318 ab
1428 279 1531 327 0‚R,
1550 280 1662 318 P.—

249 349 331 388 XVI
355 350 391 395 7,
415 349 458 388 6:
504 353 542 389 in
573 351 671 401 freto
704 350 820 388 medio
853 349 949 388 hanc
980 348 1178 400 epistulam
1208 349 1287 399 leyi,
1322 355 1371 394 ut,
1404 349 1492 400 quid
1517 361 1662 400 possem

244 419 456 470 providere,
502 420 542 456 in
576 425 738 457 mentem
776 417 868 456 mihi
896 429 971 456 non
1002 420 1156 457 veniret.
1202 420 1276 455 nisi
1313 424 1355 456 ut
1391 429 1569 468 praesens
1606 429 1662 456 me

249 489 321 538 ipse
354 486 607 538 defenderem.
671 485 883 524 Lambinus
915 485 952 523 in
988 491 1094 524 textu
1127 485 1269 536 prioris
1302 484 1481 524 editionis
1512 485 1663 536 primus

249 556 381 607 posuit
411 558 485 594 nisi
514 563 573 602 uc;
607 568 639 593 V.
663 568 694 594 c.
727 562 765 593 et
797 554 952 605 L(mg0)
985 557 1058 594 nisi
1084 561 1144 600 ατς
1187 554 1318 593 eadem
1353 553 1534 593 vocabula
1565 553 1603 592 in
1637 554 1663 592 Z

249 624 368 663 fuisse
416 624 524 663 testis
570 631 628 662 est
666 624 817 669 Bosius,
860 622 1066 661 Turnebus
1111 622 1277 674 denique
1308 623 1400 661 Adv.
1429 622 1513 661 libr.
1541 621 1665 661 XXIII

248 705 281 731 c.
320 692 372 732 29
424 695 500 732 nisi
550 700 587 731 ut
640 705 679 731 sc
730 692 768 730 in
820 691 991 742 antiquis
1040 691 1148 729 libris
1207 714 1251 719 —
1301 703 1535 742 quamquam
1591 691 1663 730 du-

250 761 354 800 bium
397 768 454 800 est
497 768 628 799 utrum
670 761 708 798 iu
747 773 803 807 eo,
843 772 958 811 quem
1001 773 1021 799 a
1053 759 1240 798 Lambino
1286 760 1443 810 accepit,
1490 759 1514 797 i.
1546 773 1579 798 e.
1625 759 1664 798 in

250 829 504 876 Turnesiano,
545 843 591 868 an
625 829 663 868 in
695 830 822 880 aliquo
854 829 927 868 alio
959 852 1011 856 —
1042 828 1235 867 invenisse
1268 828 1480 867 contendit.
1543 828 1662 867 Medi-

250 911 340 938 ceus
370 898 485 937 habet
517 901 591 937 nisi
620 899 736 949 quod:
783 909 899 948 quam
933 896 1084 935 difficile
1117 896 1166 935 sit
1197 895 1382 943 iudicare,
1431 903 1515 935 utra
1553 896 1666 935 lectio

250 967 387 1006 melior
420 967 481 1013 sit,
519 967 608 1006 inde
640 966 884 1019 perspicitur,
917 966 1020 1016 quod
1054 965 1228 1004 Baitai-us
1259 967 1333 1004 nisi
1361 965 1457 1017 quod
1489 964 1664 1011 servavit,

255 1038 332 1074 nz‘si
357 1043 400 1075 ut
431 1035 579 1074 reiecit:
614 1043 746 1074 contra
779 1034 928 1082 O,R,P
962 1036 1034 1073 uisi
1061 1041 1101 1073 ut
1132 1033 1285 1072 habent.
1320 1056 1369 1060 —
1402 1032 1485 1072 XVI
1515 1032 1665 1081 13a,1:

249 1117 332 1144 cum
366 1112 451 1143 ante
483 1104 601 1144 lucem
624 1105 667 1144 de
689 1104 916 1143 Sinuessano
948 1105 1196 1143 surreoeissem
1228 1104 1479 1154 venissentque
1502 1101 1666 1142 diluculo

250 1175 299 1213 ad
333 1181 485 1225 pontem
521 1173 712 1219 Tirenum,
756 1176 819 1225 qui
853 1180 903 1212 esc
935 1172 1152 1213 Minturnis,
1197 1174 1236 1210 in
1276 1183 1345 1223 quo
1380 1170 1506 1220 flemus
1536 1178 1588 1210 est
1618 1171 1666 1211 ad

250 1245 319 1283 iter
353 1242 523 1295 Arpinas,
562 1243 709 1282 obviam
738 1241 836 1281 mihi
864 1242 906 1293 fit
937 1240 1167 1281 tabellarius.
1228 1240 1347 1278 Vetus
1379 1239 1498 1278 codex
1530 1239 1666 1279 habuit

253 1310 431 1350 Tirenum
474 1312 555 1359 (sed
594 1311 632 1350 in
673 1311 730 1350 ed.
764 1324 796 1349 a.
834 1310 940 1348 1577
979 1316 1017 1348 et
1054 1322 1085 1347 a.
1120 1307 1221 1348 1581
1271 1307 1482 1358 Tirenum),
1529 1308 1667 1348 Bosius

254 1379 431 1419 Tirenum
462 1379 500 1418 in
534 1379 614 1418 suis
646 1379 842 1419 codicibus
875 1378 992 1418 fuisse
1024 1377 1221 1421 adfirmat:
1262 1377 1296 1415 M
1329 1376 1443 1415 habet
1475 1376 1665 1417 Tiretium.

249 1448 442 1487 Neutrum
492 1448 718 1487 vocabulum
767 1461 813 1486 ox
858 1448 940 1487 aliis
978 1447 1070 1486 locis
1109 1454 1246 1486 uotum
1285 1453 1362 1485 est:
1410 1452 1448 1485 et
1479 1452 1606 1485 tamen
1639 1446 1667 1484 E

250 1517 365 1556 habet
409 1519 581 1564 tirenum,
628 1517 658 1555 R
690 1524 879 1568 tyrenum,
928 1516 977 1555 Ο1
1010 1519 1171 1555 tirenum
1203 1515 1355 1554 videtur
1385 1514 1578 1553 habuisse.
1611 1540 1663 1544 ——

249 1585 399 1624 Festiva
440 1586 556 1624 etiam
591 1585 766 1624 codicum
801 1585 1059 1637 discrepantia
1093 1592 1151 1623 est
1182 1585 1289 1631 1117,
1314 1584 1355 1623 3:
1390 1584 1665 1623 Dubz'tationem

255 1662 378 1694 autem
401 1655 443 1693 de
469 1654 580 1706 Epiro
612 1666 683 1693 uon
720 1658 973 1694 inconstantia
1005 1661 1133 1694 nostra
1164 1654 1372 1705 adferebat,
1402 1654 1465 1692 sed
1496 1652 1594 1705 quod
1624 1652 1666 1692 de

247 1724 385 1774 fratre,
418 1723 484 1762 ubi
511 1736 593 1762 eum
627 1726 750 1763 visuri
776 1736 951 1767 essemus,
984 1722 1255 1769 nesciebamus,
1286 1734 1393 1773 quem
1424 1721 1572 1774 quidem
1603 1733 1668 1773 eqo

249 1804 316 1830 nec
353 1804 423 1843 quo
454 1793 564 1831 modo
598 1795 748 1831 visurus
779 1804 843 1830 nec
885 1791 952 1830 ubi
981 1791 1204 1830 dimissurus
1241 1793 1310 1829 sim
1339 1793 1425 1830 scio.
1474 1789 1666 1828 Mediceus

250 1859 365 1898 habet
396 1860 472 1907 ubi,
506 1860 607 1911 quod
642 1859 868 1898 vocabulum
902 1859 1042 1898 Orellio
1075 1866 1112 1897 et
1143 1858 1418 1910 Wesenbergio
1449 1859 1499 1898 ita
1531 1858 1665 1909 displi-

251 1928 342 1974 cuit,
377 1935 419 1967 ut
451 1929 547 1967 alter
578 1931 644 1975 uti,
689 1929 784 1967 alter
816 1935 857 1967 ut
888 1928 1100 1974 coniceret,
1146 1940 1188 1966 ac
1234 1940 1274 1966 re
1317 1940 1403 1966 vera
1446 1934 1516 1974 est,
1563 1927 1666 1978 quod

254 1997 459 2036 miremur:
508 2010 631 2047 neque
671 1997 772 2035 enim
806 1996 841 2034 id
889 1996 1026 2046 agitur,
1074 2008 1150 2047 quo
1190 1995 1227 2033 in
1267 1995 1405 2047 oppido
1438 1995 1607 2042 Quintus
1647 2008 1667 2033 a

252 2066 379 2104 Marco
437 2066 678 2104 discessurus
734 2065 800 2110 sit,
863 2066 927 2103 sed
979 2077 1056 2115 quo
1109 2064 1222 2102 modo
1277 2063 1406 2102 fratris
1452 2063 1666 2103 discessum

250 2137 368 2173 frater
400 2133 549 2172 laturus
582 2135 643 2172 sit.
694 2134 823 2184 [taque
856 2146 932 2172 nou
965 2133 1231 2185 imprudenter
1262 2133 1472 2184 Tyrrellius
1503 2132 1668 2172 coniecit

252 2216 317 2242 nec
348 2203 414 2242 ubi
441 2205 592 2242 visurus
623 2215 688 2241 nec
719 2214 788 2253 quo
822 2203 928 2241 modo
961 2202 1181 2241 dimissurus
1201 2204 1271 2240 sim
1291 2204 1376 2240 scio.
1425 2201 1500 2240 lau]
1537 2201 1663 2240 videa-

252 2285 351 2318 mus,
390 2271 481 2322 quid
515 2272 553 2309 Σ
580 2270 734 2309 habeat:
774 2270 801 2308 E
834 2270 991 2322 praebet
1022 2282 1087 2309 nec
1118 2273 1179 2309 cui
1208 2271 1441 2315 dimissurus,
1474 2269 1505 2308 N
1536 2283 1601 2309 nec
1631 2272 1670 2308 vi

257 2341 493 2384 dimissurus,
528 2338 558 2377 H
592 2351 655 2378 nec
682 2339 761 2378 vidi
778 2341 973 2379 missurus.
1006 2338 1034 2377 P
1056 2339 1196 2378 conicit
1224 2338 1334 2378 modo
1356 2351 1421 2378 nec
1442 2339 1667 2378 dimissurus

250 2422 333 2448 sum
382 2411 455 2448 scio
506 2420 572 2446 nec
624 2408 786 2446 vidimus
834 2420 990 2447 rursum
1035 2410 1121 2446 scio.
1181 2407 1280 2454 Quid
1323 2405 1442 2458 ergo?
1500 2406 1586 2454 Fac,
1634 2408 1671 2445 Σ

252 2490 335 2516 csse
377 2489 421 2515 ex
453 2476 490 2515 M
529 2482 759 2528 prognatum
801 2483 915 2527 atque
958 2476 1068 2515 initio
1110 2477 1175 2515 ubi
1210 2477 1433 2515 dimissurus
1465 2474 1665 2522 habuisse3

250 2548 309 2585 fac
346 2545 474 2591 etiam,
514 2546 552 2583 Σ
585 2557 770 2592 errorem,
818 2545 849 2583 si
881 2545 1035 2596 quidem
1068 2551 1127 2584 est
1158 2557 1267 2584 error
1296 2544 1337 2583 in
1368 2543 1413 2591 M,
1460 2544 1663 2582 odoratum

251 2626 355 2652 esse:
403 2613 490 2664 quis
523 2613 665 2660 credat,
712 2613 777 2652 ubi
806 2613 974 2652 deletum
1008 2620 1122 2664 atque
1153 2626 1195 2652 ea
1227 2612 1395 2664 reposita
1427 2624 1522 2659 esse,
1568 2625 1665 2663 quae

251 2682 362 2733 plane
394 2681 538 2720 nullam
571 2681 802 2721 senteutiam
838 2680 1009 2720 habent?
1046 2682 1146 2728 Quid
1178 2681 1296 2732 igitur
1325 2681 1364 2719 in
1397 2693 1437 2719 re
1461 2688 1538 2719 tam
1561 2680 1664 2718 diffi-
