1889 3094
570 790 1094 845 PRAEFATIQ

123 1037 204 1102 De
247 1056 423 1109 epistulis
461 1056 507 1095 ad
551 1054 720 1094 Atticum
767 1052 1016 1092 recensendis
1056 1060 1095 1092 et
1131 1052 1176 1090 ad
1217 1050 1424 1102 pristinam
1469 1051 1547 1089 ele-

125 1126 292 1178 gantiam
335 1123 564 1164 revocandis
597 1135 711 1174 quam
756 1121 911 1160 difficile
951 1127 1054 1159 esset
1095 1120 1294 1172 disputare
1334 1132 1549 1170 numquam

124 1207 196 1233 nos
226 1193 338 1245 fugit.
399 1193 447 1231 Et
479 1199 607 1231 tamen
641 1203 729 1230 cum
762 1190 866 1229 nulla
899 1189 944 1227 de
977 1188 1176 1228 codicibus
1200 1187 1382 1240 opinione
1407 1194 1551 1227 temere

125 1262 266 1302 imbuti
297 1261 492 1301 inductiva
527 1260 710 1300 methodo
742 1271 857 1310 quam
893 1264 1031 1297 vocant
1060 1265 1264 1297 uteremur
1286 1257 1551 1308 lectionesque

124 1343 240 1383 quam
288 1330 478 1383 plurimas
518 1329 811 1380 collegissemus
856 1333 894 1366 et
930 1327 1166 1366 conferendo
1206 1326 1364 1372 similes
1414 1326 1552 1378 digno—

125 1400 269 1439 scendo
301 1399 510 1438 dissimiles
542 1410 723 1449 magnam
756 1409 889 1436 earum
923 1395 1072 1447 copiam
1097 1408 1167 1447 per
1188 1407 1327 1446 genera
1361 1396 1549 1446 quaedam

125 1468 456 1521 dispertissemuS,
488 1479 567 1506 non
598 1479 670 1506 nos
702 1466 859 1517 quidem
893 1465 938 1504 ad
961 1465 1085 1516 ipsam
1109 1464 1311 1503 veritatem
1336 1464 1551 1516 pervenire,

127 1537 193 1577 sed
225 1537 324 1576 viam
357 1537 525 1588 aliquam
558 1542 674 1587 atque
706 1534 896 1573 rationem
923 1540 1143 1573 monstrare
1165 1546 1282 1585 posse
1311 1533 1551 1573 videbamur,

128 1619 203 1658 qua
240 1605 420 1645 homines
456 1605 570 1644 nobis
611 1604 804 1643 doctiores
851 1609 963 1654 atque
1010 1603 1285 1654 prudentiores
1331 1601 1550 1641 institutam

127 1687 209 1714 rem
242 1675 288 1713 ad
320 1674 466 1712 exitum
490 1673 706 1724 perducere
727 1678 907 1724 possent;
940 1684 1109 1722 cumque
1132 1678 1284 1710 tantum
1310 1672 1551 1710 constituen-

127 1743 219 1782 dum
281 1754 366 1781 esse
425 1741 714 1787 indicaremus,
777 1747 967 1792 quantum
1021 1746 1102 1778 arte
1163 1739 1350 1778 constitui
1410 1747 1553 1791 posset.

126 1810 331 1862 diligenter
362 1810 740 1856 internoscebamus‚
774 1809 833 1848 his
868 1808 1113 1860 temporibus
1146 1808 1239 1860 quid
1270 1821 1421 1854 verum,
1462 1808 1553 1859 quid

124 1879 203 1919 veri
236 1865 361 1919 simile
392 1884 508 1925 esset,
541 1878 709 1930 denique
741 1878 833 1929 quid
867 1877 1056 1929 suspicari
1088 1877 1233 1916 liceret.
1270 1904 1311 1921 ,-

211 1946 352 1995 'Quod
384 1953 512 1986 autem
548 1959 657 1998 spem
690 1959 767 1986 non
800 1947 1078 1991 abieceranms,
1118 1946 1202 1984 fore
1243 1953 1286 1984 ut
1326 1945 1477 1984 codices
1510 1958 1552 1983 ex

129 2017 156 2056 C
194 2021 262 2055 aut
300 2015 325 2054 Z
363 2015 543 2067 prognati
591 2015 629 2054 in
673 2015 793 2054 Gallia
841 2022 908 2054 aut
948 2015 986 2053 in
1027 2014 1227 2053 Britannia
1273 2014 1555 2065 reperirentur.

131 2084 310 2123 codicum
342 2096 414 2123 nos
446 2084 670 2123 collationes
693 2084 869 2123 nondum
898 2083 937 2122 in
967 2096 1091 2122 unum
1120 2095 1262 2135 corpus
1285 2083 1554 2134 congessimus

127 2159 242 2204 atque
281 2165 325 2191 ex
363 2164 429 2191 sex
468 2159 665 2204 septemve
712 2153 818 2191 libris
862 2164 978 2191 unam
1014 2164 1210 2202 quamque
1242 2151 1450 2190 lectionem
1484 2164 1551 2189 ex-

129 2220 368 2273 cerpsimus:
404 2221 532 2272 itaque
564 2221 596 2259 si
627 2234 704 2272 quo
736 2221 819 2260 loco
851 2233 1002 2259 errasse
1034 2232 1104 2258 nos
1136 2220 1372 2272 apparuerit,
1415 2227 1453 2258 et
1490 2233 1555 2258 eos

130 2290 245 2329 nobis
277 2289 426 2328 veniam
460 2289 618 2328 daturos
651 2302 855 2341 speramus
878 2289 945 2340 qui
967 2289 1006 2327 in
1029 2289 1145 2328 simili
1169 2302 1285 2341 opere
1307 2288 1555 2333 elaborarint,

128 2365 167 2398 et
197 2371 263 2398 eos
294 2358 362 2409 qui
393 2357 690 2402 considerarim,
728 2365 824 2409 quot
861 2358 1046 2396 lectiones
1086 2364 1288 2409 excerptae
1320 2357 1399 2396 sint
1429 2370 1553 2407 quan-

132 2433 295 2478 tumque
326 2426 495 2465 laborem
530 2438 591 2464 res
622 2426 813 2465 babuerit.
875 2427 963 2465 lllos
995 2438 1085 2464 vero
1118 2426 1222 2465 locos
1254 2432 1292 2465 et
1312 2426 1499 2464 lectiones
1521 2425 1555 2463 ei

128 2495 166 2534 in
208 2494 289 2534 suis
330 2494 438 2533 libris
481 2493 659 2532 facillime
706 2494 918 2539 invenient,
964 2494 1031 2545 qui
1076 2494 1326 2533 adnotatione
1366 2494 1497 2533 critica
1536 2507 1554 2531 a

136 2562 289 2602 Baitero
321 2562 468 2602 adiecta
502 2568 674 2601 utentur.

240 2630 296 2670 Ne
327 2643 426 2683 opus
459 2630 728 2677 extendamus,
761 2637 799 2670 et
832 2643 956 2670 meras
988 2630 1172 2670 lectiones
1196 2631 1344 2670 adferre
1369 2631 1556 2676 solemus,

127 2699 232 2750 quod
278 2699 459 2738 homines
507 2698 639 2738 talium
683 2711 813 2738 rerum
853 2700 964 2751 periti
1003 2705 1118 2751 atque
1156 2699 1298 2738 curiosi
1337 2712 1414 2738 non
1455 2700 1553 2738 diffi—
