1821 3077
713 144 1157 186 ——148———

230 265 371 316 Appius
400 265 500 302 enim
530 263 580 302 ad
608 275 666 302 me
697 262 805 302 facile
836 261 986 309 accidit,
1034 268 1076 300 ut
1108 268 1270 313 uterque
1301 261 1420 300 codex
1450 261 1645 313 posterius

231 335 330 371 enim
361 331 578 372 omitteret:
609 330 749 382 integri
782 337 874 369 sunt
902 329 945 377 N,
969 330 1015 377 Ο,
1037 329 1078 368 P.
1100 353 1154 357 —-
1175 330 1221 368 Vl
1248 331 1283 377 1,
1305 329 1358 369 26
1389 332 1647 381 inscriptiones

231 407 445 440 statuarum
475 400 689 439 alienarum
718 398 806 449 [Secl
836 406 877 437 uc
909 397 976 437 tibi
999 398 1158 449 placebit
1181 429 1319 437 .....
1353 398 1389 446 2,
1413 399 1436 436 2
1467 398 1568 445 Quid
1598 398 1648 438 ad

230 468 392 508 Statium
422 470 623 520 scripserit,
656 467 790 517 nescio]
813 467 986 519 quicquid
1017 474 1171 506 acturus
1194 497 1201 505 .
1227 498 1233 505 .
1259 497 1266 505 .
1289 468 1339 507 acl
1367 468 1541 507 libertam
1569 479 1647 507 non

228 537 306 588 fait
347 536 456 586 [Mihi
498 543 621 575 autem
669 538 739 574 eric
768 537 960 574 maoeimae
993 546 1106 573 curae
1139 564 1146 572 .
1171 565 1178 573 .
1203 565 1210 572 .
1242 547 1373 574 amare
1403 541 1507 587 teque
1538 536 1642 574 miri-

229 605 295 657 fice
333 605 410 655 sed]
440 611 492 644 est
521 616 699 656 inaquam
736 604 835 643 illud
865 603 1010 655 quidem
1043 633 1181 642 .....
1221 603 1288 652 §3
1320 610 1496 643 revertar
1524 609 1645 643 tuam.

229 673 528 725 [Peloponnesias
558 675 722 712 civitates
756 702 891 710 .....
925 673 947 719 ξ
970 673 992 710 5
1026 684 1091 711 nec
1122 675 1295 724 imperita
1317 679 1350 712 el
1371 671 1540 721 clemens]
1563 684 1644 710 cum

231 742 452 781 admirabili
493 741 676 793 facilitate
709 771 716 779 .
742 771 749 779 .
773 772 780 779 .
808 771 813 777 .
839 771 846 779 .
894 742 916 788 ξ
947 741 971 779 6
1021 741 1160 780 bellum
1204 741 1390 792 impendet
1434 754 1457 780 a
1502 740 1648 792 parthis

231 809 471 860 [Quinetiam
503 814 540 849 in
573 810 695 849 redita
717 822 855 861 ponere
887 839 894 847 .
920 839 927 848 .
952 840 959 847 .
978 810 1193 861 propediem
1216 817 1250 849 te
1270 810 1411 859 videbo]
1441 811 1463 857 ξ
1486 810 1509 847 ’7
1542 811 1648 848 venio

230 880 280 917 ad
311 879 462 918 brutum
495 885 612 924 licam,
648 880 760 917 immo
796 885 966 917 nostrum
997 881 1047 918 sic
1077 881 1173 917 enim
1204 881 1328 918 maius
1361 876 1415 928 (1)
1451 878 1646 929 [Equidem

229 951 357 987 omnia
385 949 463 999 feci
486 977 492 985 .
518 977 526 985 .
551 978 559 985 .
595 946 648 986 Ta
678 950 743 1000 qai
771 948 838 997 ais]
861 948 1013 986 brutum
1047 960 1177 999 cupere
1201 947 1246 985 P:
1282 948 1317 993 1,
1340 947 1393 986 26
1417 954 1453 985 et
1476 946 1513 993 2,
1539 946 1645 985 1-3

231 1017 345 1055 habet
369 1016 398 1054 H
432 1029 555 1067 usque
587 1016 632 1054 ad
664 1023 880 1055 revertatur
908 1014 961 1058 ‹2›
993 1023 1118 1061 titana
1150 1016 1296 1055 omittit
1317 1018 1339 1063 ξ
1362 1015 1384 1054 3
1403 1015 1646 1066 [Peloponne-

229 1088 304 1125 sias
337 1088 501 1124 civitates
529 1115 536 1123 .
562 1115 569 1123 .
595 1115 603 1123 .
633 1080 907 1133 Σιπούνῖιοι]
939 1085 1002 1123 sed
1032 1085 1097 1124 hoc
1128 1087 1302 1124 continuo
1336 1114 1474 1123 .....
1509 1084 1574 1132 §5
1607 1086 1649 1123 in

233 1154 350 1193 oculis
393 1166 535 1193 sumus.
586 1152 728 1203 [Gratis
758 1156 910 1204 inquam
943 1156 1037 1191 viris
1070 1183 1207 1191 .....
1240 1154 1309 1201 §ti
1341 1165 1451 1205 quam
1485 1152 1528 1192 de
1555 1163 1647 1203 pro-

230 1224 375 1272 vinciis]
405 1235 468 1273 eqo
491 1221 549 1273 (l)
580 1230 621 1261 ut
641 1234 749 1273 spero
773 1252 890 1259 .....
924 1223 946 1270 ἓ
970 1222 992 1260 7
1026 1224 1110 1274 qnia
1144 1222 1248 1273 lonye
1278 1222 1410 1261 absum
1439 1223 1566 1261 sciam.
1590 1219 1645 1270 (11

230 1290 472 1341 [Salaminios
510 1298 633 1330 autem
666 1320 804 1329 .....
843 1293 865 1338 ξ
889 1289 912 1329 8
948 1290 1084 1329 Catoni
1118 1298 1212 1330 certe
1242 1290 1420 1342 probabo]
1454 1290 1518 1329 sed
1549 1290 1648 1339 [iam]

230 1360 278 1399 ad
323 1367 373 1399 te:
424 1360 459 1403 1,
490 1359 541 1398 25
587 1359 666 1398 vidi
701 1359 883 1398 hominem
923 1362 1139 1410 nequiorem
1177 1366 1212 1398 et
1252 1359 1281 1398 c'
1322 1360 1396 1409 [sed
1434 1365 1646 1398 extremum

232 1432 325 1471 awli
354 1461 474 1470 .....
510 1431 546 1477 2,
571 1430 594 1470 8
627 1444 748 1470 meam
781 1442 854 1470 non
885 1431 1070 1482 fecerunt]
1105 1422 1119 1477 ξ
1175 1430 1367 1470 Inclusum
1399 1435 1439 1471 in
1470 1433 1578 1470 caria
1600 1430 1646 1477 Ε;

234 1499 263 1538 N
297 1507 335 1539 et
357 1499 387 1539 Ο
422 1500 561 1550 integri
593 1507 696 1538 sunt.
728 1522 775 1527 —
810 1499 916 1546 5³13,
940 1500 1048 1539 5-ss
1079 1501 1156 1551 feci
1184 1503 1311 1539 omnia
1341 1499 1489 1551 [Cyprii
1516 1511 1648 1538 nume-

234 1569 371 1608 rabant
396 1599 403 1606 .
431 1599 438 1606 .
463 1599 470 1606 .
503 1568 602 1607 nolle
624 1580 665 1607 eo
686 1568 892 1617 trilmnalu]
926 1570 948 1616 ξ
972 1570 994 1606 5
1029 1567 1140 1607 Caius
1162 1576 1213 1608 est·
1233 1570 1387 1621 quidam
1409 1567 1460 1606 fl:
1492 1571 1514 1616 ξ
1532 1569 1555 1605 5
1577 1568 1652 1619 feci

236 1640 363 1676 omnia
385 1645 418 1677 et
439 1637 482 1676 ε’.
513 1636 661 1688 [Cyprii
679 1637 934 1676 ‘numerabant
951 1667 959 1675 .
981 1667 988 1674 .
1009 1667 1017 1675 .
1039 1637 1138 1676 nolle
1160 1649 1200 1676 eo
1219 1637 1426 1686 tribunatu]
1449 1638 1471 1685 ξ
1489 1636 1513 1675 6
1534 1635 1651 1675 Gaius

231 1706 455 1758 estquidam
478 1705 525 1752 E,
556 1712 645 1744 ante
671 1705 787 1745 Gaias
816 1718 977 1757 parvum
1012 1706 1180 1757 spatium
1204 1712 1259 1744 est
1282 1718 1446 1744 vacnum
1471 1705 1647 1744 relictum

233 1792 277 1817 eo
309 1779 482 1825 consilio,
526 1785 569 1817 ut
607 1784 837 1818 consuetum
871 1778 1025 1829 signum
1058 1765 1085 1827 (1
1208 1778 1541 1830 interponeretur;
1588 1777 1648 1815 in-

235 1847 328 1898 tegri
361 1852 454 1886 sunt
485 1846 528 1894 N,
547 1847 592 1894 O,
611 1846 651 1885 P.

347 1915 540 1962 Quoniam
574 1927 616 1954 ea
647 1928 745 1966 quae
769 1916 815 1954 de
839 1915 869 1954 N
894 1920 935 1953 -1-
960 1915 991 1953 11
1024 1921 1061 1954 et
1092 1914 1312 1953 invenimus
1343 1921 1381 1953 et
1403 1914 1650 1966 suspicamur

233 2006 289 2012 -
323 1984 378 2022 rei
409 1984 512 2023 enim
546 1984 752 2023 difficultas
783 1984 947 2036 impedit
996 1996 1044 2022 ne
1082 1984 1127 2022 de
1164 1983 1347 2022 omuibus
1390 1983 1506 2022 rebus
1547 1989 1649 2022 recte

234 2052 423 2111 iudioasse
456 2052 568 2091 nobis
599 2053 799 2092 videamur
822 2077 874 2080 —
897 2052 1072 2092 absoluta
1101 2060 1205 2098 sunt,
1237 2053 1282 2091 ad
1306 2051 1436 2090 EORP
1460 2051 1648 2091 venimus.

763 2172 824 2208 De
856 2173 889 2207 Ε
920 2174 959 2208 et
991 2172 1129 2207 0RP.

350 2245 380 2283 R
421 2251 459 2283 et
488 2245 517 2283 P
557 2258 678 2297 paene
716 2246 899 2295 gemellos
938 2258 1032 2292 esse,
1078 2245 1242 2284 arctiore
1283 2245 1449 2296 quodam
1498 2243 1650 2282 vinculo

236 2326 324 2353 cum
359 2313 390 2352 Ο
429 2313 672 2361 coniunctos,
715 2314 746 2352 R
768 2318 810 2350 -1-
833 2314 861 2352 Ρ
888 2318 924 2351 ÷
952 2314 983 2353 O
1024 2314 1138 2366 paulo
1176 2314 1327 2365 longius
1364 2313 1412 2352 ab
1443 2313 1472 2351 E
1509 2313 1650 2352 distare

239 2382 371 2421 multis
402 2383 495 2421 locis
526 2382 681 2434 probari
711 2388 854 2434 potest:
893 2383 1014 2421 isdem
1047 2382 1141 2421 locis
1172 2388 1348 2434 apparet,
1385 2381 1470 2421 cod.
1498 2381 1649 2420 Raven-

237 2456 386 2498 natem,
433 2450 545 2490 euius
576 2450 762 2489 lectiones
794 2450 954 2490 Bootius
985 2451 1121 2495 edidit,
1169 2457 1207 2490 et
1236 2450 1467 2502 Malaspinae
1498 2449 1650 2489 codices

236 2520 325 2558 Ant.
357 2525 396 2558 et
425 2519 454 2557 F
484 2531 573 2558 cum
606 2518 704 2558 ORP
736 2519 969 2566 consentire,
1000 2520 1047 2558 ab
1077 2519 1178 2558 ENH
1209 2519 1430 2558 dissentire:

355 2588 363 2625 1
389 2588 425 2633 5,
449 2587 472 2626 8
508 2587 679 2627 Terentia
719 2586 839 2639 <luct>
878 2600 1031 2639 maynos
1062 2587 1107 2634 O,
1129 2587 1171 2635 Ρ,
1195 2587 1305 2627 Rau:
1355 2586 1523 2626 Terentia
1556 2587 1646 2636 [tna]

237 2667 391 2707 maynos
422 2655 462 2702 E,
486 2655 530 2703 N,
554 2656 599 2694 H.
624 2680 672 2683 —
707 2656 721 2694 I
751 2655 813 2701 12,
837 2655 860 2694 3
891 2664 925 2695 te
955 2657 1066 2695 credo
1097 2657 1246 2696 audisse
1269 2656 1313 2702 O,
1337 2655 1378 2702 P,
1399 2655 1509 2693 Ram
1543 2655 1650 2694 credo
