1821 3077
625 170 1069 211 —193—

133 288 414 328 Londinienses
445 293 484 328 et
514 287 755 327 Oxonienses
786 287 1018 340 inspiceret3
1049 288 1200 339 roganti
1235 287 1293 328 vir
1315 295 1354 329 et
1375 289 1557 330 doctissi-

133 370 222 397 mus
262 363 300 398 et
331 356 721 397 benevolentissimus
758 357 870 409 plane
907 357 1000 397 satis
1037 357 1138 397 fecit.
1210 357 1284 397 Sed
1331 370 1442 410 spem
1493 371 1554 398 me

131 426 313 467 fefellisse
369 425 559 474 intellexi3
618 438 709 465 nam
764 426 1004 466 Balliolensis
1049 426 1150 475 248,
1185 426 1230 475 3,
1288 439 1366 479 quo
1424 428 1557 468 codice

132 496 338 536 Graevium
362 507 478 536 usum
502 507 586 535 esse
608 495 817 543 credimus,
850 495 1075 536 simillimus
1098 503 1158 536 est
1178 495 1351 545 Medicei‚
1382 510 1427 537 ex
1450 497 1556 537 Lon-

132 564 373 605 diniensibus
404 564 633 604 Harleianus
666 564 775 604 2466
807 565 847 604 in
881 570 920 605 A
952 565 1154 617 ponendus
1187 571 1259 605 est.
1291 566 1420 606 Addit.
1444 566 1557 606 codd.

132 633 241 673 6743
265 641 304 673 et
330 633 463 674 1192ss
495 647 574 673 non
597 633 707 673 hiant
727 634 767 673 in
789 635 813 673 1.
835 634 873 681 I;
905 634 1023 673 iidem
1047 635 1200 674 codices
1222 648 1312 674 curn
1335 648 1414 675 non
1437 636 1556 676 nullis

129 701 225 742 locis
247 715 336 744 cum
354 704 392 742 Σ
405 702 664 748 consentiant,
687 716 707 742 a
726 707 766 742 A
784 703 1030 751 dissentiant,
1054 703 1190 744 dubito
1213 716 1261 744 an
1285 704 1420 744 eodem
1442 705 1556 744 modo

130 777 247 822 atque
278 777 305 819 t,
337 771 384 811 de
422 785 500 824 quo
538 784 655 824 supra
686 784 723 823 p.
757 771 808 811 33
843 772 1024 820 diximus,
1063 786 1110 812 ex
1142 777 1181 813 A
1209 780 1248 812 et
1274 775 1313 812 Σ
1355 773 1558 814 commixti

130 839 230 888 sint3
262 853 430 893 quorum
462 840 600 880 similis
633 840 787 881 videtur
818 854 903 881 esse
926 841 1031 881 Harl.
1055 841 1149 882 249.
1193 842 1330 882 Restat
1360 850 1404 883 ut
1436 843 1554 882 Burn.

133 909 224 956 146,
258 911 325 961 qui
357 911 478 950 codex
509 923 638 962 neque
669 910 708 949 in
731 911 791 949 l.l
823 924 949 963 neque
980 911 1020 950 in
1042 911 1066 950 l.
1088 911 1172 951 XVI
1204 912 1296 960 hiat,
1331 912 1555 964 diligentius

129 977 377 1019 examinetur
435 986 552 1033 atque
609 979 788 1032 pluribus
848 980 943 1019 locis
1004 993 1121 1032 quam
1173 994 1193 1020 a
1244 980 1413 1021 Pursero
1475 981 1556 1020 viro

129 1046 343 1087 clarissimo
386 1048 472 1089 fieri
510 1049 639 1102 potuit
675 1048 923 1100 inspiciatur3
973 1050 1244 1103 compluribus
1283 1051 1386 1090 enim
1429 1063 1556 1103 neque

127 1115 274 1156 evibus
306 1117 541 1158 lectionibus
573 1131 662 1158 cum
695 1119 733 1157 Σ
762 1117 968 1158 consentit.

605 1508 942 1562 CAPUT
1001 1510 1102 1574 X..

241 1750 343 1791 NON
375 1751 526 1791 NULLI
564 1752 676 1793 LOCl
718 1754 780 1793 EX
822 1754 1078 1794 EPISTULIS
1115 1755 1178 1794 AD
1217 1755 1437 1806 fflTlCUM

663 1834 1011 1875 TRACTANTUR.

245 1931 299 1971 De
330 1944 409 1971 non
448 1932 564 1972 nullis
601 1933 697 1973 locis
739 1934 1028 1987 disputabimus
1064 1941 1181 1987 atque
1218 1947 1472 1987 exponemus,
1514 1943 1552 1976 et

127 2012 204 2052 quo
231 2000 344 2040 modo
369 2006 574 2042 stemmate
607 2003 711 2055 quod
743 2003 1022 2043 constituimus
1054 2004 1244 2043 utendum
1268 2016 1353 2043 esse
1377 2005 1552 2045 videatur

126 2075 164 2108 et
210 2076 399 2122 quantum
443 2070 525 2122 opis
572 2072 617 2110 ad
665 2078 811 2112 textum
857 2073 1139 2112 recensendum
1187 2072 1277 2112 novi
1325 2073 1475 2113 codices
1514 2081 1552 2114 et

128 2150 192 2177 eae
224 2138 424 2187 lectiones,
457 2153 553 2191 quas
586 2153 657 2180 nos
691 2154 737 2180 ex
768 2142 795 2181 (2
826 2148 864 2181 et
896 2142 921 2180 Z
954 2141 1172 2189 hausimus,
1205 2142 1393 2182 adferant.

245 2207 255 2245 1
293 2207 355 2255 13,
379 2207 417 2246 2.
465 2208 605 2249 Consul
637 2217 762 2250 autem
793 2213 871 2262 ipse
898 2223 1021 2262 parvo
1053 2213 1180 2251 animo
1211 2218 1244 2251 et
1271 2224 1394 2263 pravo
1418 2211 1468 2263 —i-
1493 2220 1549 2251 ta-

125 2288 213 2315 men
236 2274 286 2327 -1-
320 2276 518 2316 cavillator
545 2290 679 2329 yenere
713 2279 780 2318 illo
812 2292 972 2326 moroso,
1006 2281 1105 2333 qnod
1127 2283 1236 2320 eciam
1259 2284 1337 2320 sine
1361 2281 1551 2320 dicacitate

125 2344 286 2391 ridetur,
317 2345 415 2396 facie
445 2349 564 2398 magis
594 2360 704 2399 quam
735 2349 882 2400 facetiis
911 2350 1109 2397 ridiculus,
1142 2350 1237 2390 nihil
1269 2362 1382 2401 aqens
1405 2363 1489 2389 cum
1509 2363 1550 2389 re

120 2412 286 2464 publica,
318 2416 504 2454 seiunctus
534 2415 579 2454 ab
611 2418 850 2467 optimatibus
883 2449 890 2456 .
916 2449 922 2456 .
951 2449 958 2456 .
984 2449 991 2458 .

239 2481 273 2520 M
307 2482 422 2521 habet
460 2490 596 2531 tamen,
635 2484 737 2524 Jens.
779 2493 944 2533 tantum,
992 2487 1122 2539 itaque
1170 2487 1338 2525 dubitari
1385 2494 1548 2539 poterat,

128 2555 211 2589 utra
246 2551 358 2590 lectio
391 2557 494 2590 esset
524 2564 631 2596 vera,
664 2553 865 2593 dubitabat
887 2556 1044 2606 quidem
1070 2556 1242 2601 Boetius,
1277 2555 1342 2606 qui
1366 2562 1549 2597 ettamen

124 2617 163 2656 in
208 2626 312 2659 textu
359 2627 487 2660 servat
523 2627 561 2659 et
600 2622 693 2661 hacc
729 2622 888 2661 adnotat
935 2624 985 2664 ‘Si
1025 2625 1206 2675 (tantum)
1255 2638 1275 2662 e
1315 2624 1445 2664 codice
1478 2626 1546 2664 Ms.

124 2694 238 2735 esset,
271 2689 435 2729 sortasse
467 2689 697 2742 probarem'.
759 2690 915 2731 Rectius
956 2693 1135 2732 Bootium
1177 2705 1291 2744 quam
1339 2693 1546 2742 mitorum,

195 2765 355 2799 Lehmann,
376 2769 420 2794 De
442 2768 500 2794 Cic.
521 2768 553 2794 nil
578 2771 638 2795 Ait.
658 2770 804 2803 epistulis.
1290 2776 1330 2808 13
