<?xml version="1.0" encoding="UTF-8"?>
<!DOCTYPE html PUBLIC "-//W3C//DTD XHTML 1.0 Transitional//EN"
    "http://www.w3.org/TR/xhtml1/DTD/xhtml1-transitional.dtd">
<html xmlns="http://www.w3.org/1999/xhtml" xml:lang="en" lang="en">
 <head>
  <title>
</title>
<meta http-equiv="Content-Type" content="text/html;charset=utf-8" />
  <meta name='ocr-system' content='tesseract 3.04.00' />
  <meta name='ocr-capabilities' content='ocr_page ocr_carea ocr_par ocr_line ocrx_word'/>
</head>
<body>
  <div class='ocr_page' id='page_1' title='image "./deciceronisadatt00lehmuoft_0205.png"; bbox 0 0 1821 3077; ppageno 0'>
   <div class='ocr_carea' id='block_1_1' title="bbox 633 179 1079 220">
    <p class='ocr_par' dir='ltr' id='par_1_1' title="bbox 633 179 1079 220">
     <span class='ocr_line' id='line_1_1' title="bbox 633 179 1079 220; baseline 0 0"><span class='ocrx_word' id='word_1_1' title='bbox 633 179 1079 220; x_wconf 79' lang='lat'>—195—</span> 
     </span>
    </p>
   </div>
   <div class='ocr_carea' id='block_1_2' title="bbox 142 295 1579 2810">
    <p class='ocr_par' dir='ltr' id='par_1_2' title="bbox 144 295 1576 1110">
     <span class='ocr_line' id='line_1_2' title="bbox 148 295 1571 352; baseline -0.004 -12"><span class='ocrx_word' id='word_1_2' title='bbox 148 303 268 352; x_wconf 80' lang='lat' dir='ltr'><em>(recte</em></span> <span class='ocrx_word' id='word_1_3' title='bbox 302 298 599 351; x_wconf 77' lang='lat' dir='ltr'><em>Wesenbergius</em></span> <span class='ocrx_word' id='word_1_4' title='bbox 637 311 704 339; x_wconf 86' lang='lat' dir='ltr'><em>nec</em></span> <span class='ocrx_word' id='word_1_5' title='bbox 741 304 880 344; x_wconf 89' lang='lat' dir='ltr'><em>tamen,</em></span> <span class='ocrx_word' id='word_1_6' title='bbox 919 297 1014 337; x_wconf 82' lang='lat' dir='ltr'><em>falso</em></span> <span class='ocrx_word' id='word_1_7' title='bbox 1053 295 1229 336; x_wconf 80' lang='lat' dir='ltr'><em>Baiterus</em></span> <span class='ocrx_word' id='word_1_8' title='bbox 1265 309 1333 336; x_wconf 89' lang='lat' dir='ltr'><em>nec</em></span> <span class='ocrx_word' id='word_1_9' title='bbox 1369 298 1477 343; x_wconf 85' lang='lat' dir='ltr'><em>tum).</em></span> <span class='ocrx_word' id='word_1_10' title='bbox 1525 295 1571 334; x_wconf 85' lang='lat' dir='ltr'><em>ad</em></span> 
     </span>
     <span class='ocr_line' id='line_1_3' title="bbox 146 364 1569 420; baseline -0.004 -11"><span class='ocrx_word' id='word_1_11' title='bbox 146 371 223 410; x_wconf 71' lang='lat' dir='ltr'><em>Ait.</em></span> <span class='ocrx_word' id='word_1_12' title='bbox 248 369 283 408; x_wconf 88' lang='grc' dir='ltr'><em>ΙΙ</em></span> <span class='ocrx_word' id='word_1_13' title='bbox 316 370 351 418; x_wconf 91' lang='grc'>1,</span> <span class='ocrx_word' id='word_1_14' title='bbox 378 369 425 408; x_wconf 89' lang='grc'><em>11</em></span> <span class='ocrx_word' id='word_1_15' title='bbox 459 375 493 408; x_wconf 88' lang='lat' dir='ltr'><em>et</em></span> <span class='ocrx_word' id='word_1_16' title='bbox 524 375 662 415; x_wconf 84' lang='lat' dir='ltr'><em>tamen,</em></span> <span class='ocrx_word' id='word_1_17' title='bbox 700 368 789 420; x_wconf 83' lang='lat' dir='ltr'><em>quid</em></span> <span class='ocrx_word' id='word_1_18' title='bbox 819 369 952 419; x_wconf 74' lang='lat' dir='ltr'><em>coyites</em></span> <span class='ocrx_word' id='word_1_19' title='bbox 984 366 1026 405; x_wconf 84' lang='lat' dir='ltr'><em>cle</em></span> <span class='ocrx_word' id='word_1_20' title='bbox 1058 366 1223 406; x_wconf 85' lang='lat' dir='ltr'><em>adventu</em></span> <span class='ocrx_word' id='word_1_21' title='bbox 1259 372 1334 411; x_wconf 87' lang='lat' dir='ltr'><em>tuo,</em></span> <span class='ocrx_word' id='word_1_22' title='bbox 1372 364 1490 405; x_wconf 86' lang='lat' dir='ltr'><em>scribe</em></span> <span class='ocrx_word' id='word_1_23' title='bbox 1520 364 1569 403; x_wconf 81' lang='lat' dir='ltr'><em>ad</em></span> 
     </span>
     <span class='ocr_line' id='line_1_4' title="bbox 144 434 1571 490; baseline -0.004 -12"><span class='ocrx_word' id='word_1_24' title='bbox 144 451 213 479; x_wconf 87' lang='lat' dir='ltr'><em>nos</em></span> <span class='ocrx_word' id='word_1_25' title='bbox 263 443 495 490; x_wconf 84' lang='lat' dir='ltr'><em>corruptum</em></span> <span class='ocrx_word' id='word_1_26' title='bbox 539 450 626 476; x_wconf 79' lang='lat' dir='ltr'><em>esso</em></span> <span class='ocrx_word' id='word_1_27' title='bbox 679 437 887 476; x_wconf 83' lang='lat' dir='ltr'><em>Starkerus</em></span> <span class='ocrx_word' id='word_1_28' title='bbox 934 435 1069 475; x_wconf 89' lang='lat' dir='ltr'><em>Bootio</em></span> <span class='ocrx_word' id='word_1_29' title='bbox 1115 434 1321 487; x_wconf 81' lang='lat' dir='ltr'><strong>persuasit.</strong></span> <span class='ocrx_word' id='word_1_30' title='bbox 1382 434 1428 473; x_wconf 84' lang='lat' dir='ltr'><em>ad</em></span> <span class='ocrx_word' id='word_1_31' title='bbox 1479 435 1571 473; x_wconf 83' lang='lat' dir='ltr'><em>fam.</em></span> 
     </span>
     <span class='ocr_line' id='line_1_5' title="bbox 146 504 1573 557; baseline -0.003 -10"><span class='ocrx_word' id='word_1_32' title='bbox 146 507 162 546; x_wconf 94' lang='lat'>1</span> <span class='ocrx_word' id='word_1_33' title='bbox 192 507 306 554; x_wconf 84' lang='lat'><strong>9,10</strong></span> <span class='ocrx_word' id='word_1_34' title='bbox 356 506 457 546; x_wconf 89' lang='lat' dir='ltr'><em>Haec</em></span> <span class='ocrx_word' id='word_1_35' title='bbox 497 519 583 546; x_wconf 86' lang='lat' dir='ltr'><em>cum</em></span> <span class='ocrx_word' id='word_1_36' title='bbox 622 507 670 545; x_wconf 74' lang='lat' dir='ltr'><em>aa</em></span> <span class='ocrx_word' id='word_1_37' title='bbox 714 518 771 544; x_wconf 89' lang='lat' dir='ltr'><em>me</em></span> <span class='ocrx_word' id='word_1_38' title='bbox 810 506 938 557; x_wconf 85' lang='lat' dir='ltr'><em>frater</em></span> <span class='ocrx_word' id='word_1_39' title='bbox 977 504 1194 557; x_wconf 78' lang='lat' dir='ltr'><em>pertulisset</em></span> <span class='ocrx_word' id='word_1_40' title='bbox 1238 511 1272 544; x_wconf 86' lang='lat' dir='ltr'><em>et</em></span> <span class='ocrx_word' id='word_1_41' title='bbox 1317 516 1402 544; x_wconf 85' lang='lat' dir='ltr'><em>eum</em></span> <span class='ocrx_word' id='word_1_42' title='bbox 1446 510 1573 543; x_wconf 82' lang='lat' dir='ltr'><em>tamen</em></span> 
     </span>
     <span class='ocr_line' id='line_1_6' title="bbox 147 572 1573 628; baseline -0.003 -12"><span class='ocrx_word' id='word_1_43' title='bbox 147 576 342 628; x_wconf 82' lang='lat' dir='ltr'><em>Pompeius</em></span> <span class='ocrx_word' id='word_1_44' title='bbox 380 576 430 616; x_wconf 86' lang='lat' dir='ltr'><em>ad</em></span> <span class='ocrx_word' id='word_1_45' title='bbox 465 588 524 615; x_wconf 85' lang='lat' dir='ltr'><em>me</em></span> <span class='ocrx_word' id='word_1_46' title='bbox 565 588 649 614; x_wconf 83' lang='lat' dir='ltr'><em>cum</em></span> <span class='ocrx_word' id='word_1_47' title='bbox 694 574 885 614; x_wconf 83' lang='lat' dir='ltr'><em>mandatis</em></span> <span class='ocrx_word' id='word_1_48' title='bbox 923 573 1128 614; x_wconf 76' lang='lat' dir='ltr'><em>Vibullium</em></span> <span class='ocrx_word' id='word_1_49' title='bbox 1173 575 1331 614; x_wconf 78' lang='lat' dir='ltr'><strong><em>misisset</em></strong></span> <span class='ocrx_word' id='word_1_50' title='bbox 1376 572 1515 612; x_wconf 82' lang='lat' dir='ltr'><em>iniuria</em></span> <span class='ocrx_word' id='word_1_51' title='bbox 1553 585 1573 612; x_wconf 81' lang='lat' dir='ltr'>a</span> 
     </span>
     <span class='ocr_line' id='line_1_7' title="bbox 145 641 1574 696; baseline -0.003 -12"><span class='ocrx_word' id='word_1_52' title='bbox 145 644 335 696; x_wconf 82' lang='lat' dir='ltr'><em>Madvigio</em></span> <span class='ocrx_word' id='word_1_53' title='bbox 366 644 406 684; x_wconf 90' lang='lat' dir='ltr'><em>in</em></span> <span class='ocrx_word' id='word_1_54' title='bbox 439 644 533 683; x_wconf 83' lang='lat' dir='ltr'><strong>Adv.</strong></span> <span class='ocrx_word' id='word_1_55' title='bbox 557 643 649 682; x_wconf 80' lang='lat' dir='ltr'><em>Crit.</em></span> <span class='ocrx_word' id='word_1_56' title='bbox 682 644 757 683; x_wconf 89' lang='lat' dir='ltr'><em>vol.</em></span> <span class='ocrx_word' id='word_1_57' title='bbox 789 642 842 682; x_wconf 92' lang='grc' dir='ltr'><em>ΙΙΙ</em></span> <span class='ocrx_word' id='word_1_58' title='bbox 875 648 1061 695; x_wconf 83' lang='lat' dir='ltr'><em>temptata</em></span> <span class='ocrx_word' id='word_1_59' title='bbox 1092 649 1196 682; x_wconf 87' lang='lat' dir='ltr'><em>sunt.</em></span> <span class='ocrx_word' id='word_1_60' title='bbox 1259 641 1410 681; x_wconf 77' lang='lat' dir='ltr'><em>Servari</em></span> <span class='ocrx_word' id='word_1_61' title='bbox 1458 653 1574 694; x_wconf 84' lang='lat' dir='ltr'><em>posse</em></span> 
     </span>
     <span class='ocr_line' id='line_1_8' title="bbox 149 710 1575 767; baseline -0.003 -13"><span class='ocrx_word' id='word_1_62' title='bbox 149 722 245 767; x_wconf 81' lang='lat' dir='ltr'><em>puto</em></span> <span class='ocrx_word' id='word_1_63' title='bbox 276 715 322 753; x_wconf 81' lang='lat' dir='ltr'><em>ad</em></span> <span class='ocrx_word' id='word_1_64' title='bbox 354 714 427 761; x_wconf 87' lang='lat' dir='ltr'><em>Qu.</em></span> <span class='ocrx_word' id='word_1_65' title='bbox 460 715 506 753; x_wconf 82' lang='lat' dir='ltr'><em>fr.</em></span> <span class='ocrx_word' id='word_1_66' title='bbox 539 713 621 753; x_wconf 85' lang='lat'><em>119</em></span> <span class='ocrx_word' id='word_1_67' title='bbox 653 713 754 764; x_wconf 88' lang='lat'><strong>(11),</strong></span> <span class='ocrx_word' id='word_1_68' title='bbox 787 712 810 752; x_wconf 86' lang='lat'><strong>3</strong></span> <span class='ocrx_word' id='word_1_69' title='bbox 849 711 1016 752; x_wconf 84' lang='lat' dir='ltr'><em>Lucretii</em></span> <span class='ocrx_word' id='word_1_70' title='bbox 1037 718 1227 764; x_wconf 80' lang='lat' dir='ltr'><em>poemata,</em></span> <span class='ocrx_word' id='word_1_71' title='bbox 1263 717 1307 750; x_wconf 92' lang='lat' dir='ltr'><em>ut</em></span> <span class='ocrx_word' id='word_1_72' title='bbox 1341 710 1481 757; x_wconf 88' lang='lat' dir='ltr'><em>scribis,</em></span> <span class='ocrx_word' id='word_1_73' title='bbox 1521 713 1575 750; x_wconf 79' lang='lat' dir='ltr'><em>ita</em></span> 
     </span>
     <span class='ocr_line' id='line_1_9' title="bbox 148 779 1575 834; baseline -0.003 -12"><span class='ocrx_word' id='word_1_74' title='bbox 148 790 248 830; x_wconf 84' lang='lat' dir='ltr'><em>sunt,</em></span> <span class='ocrx_word' id='word_1_75' title='bbox 294 783 424 823; x_wconf 83' lang='lat' dir='ltr'><em>multis</em></span> <span class='ocrx_word' id='word_1_76' title='bbox 456 781 664 822; x_wconf 75' lang='lat' dir='ltr'><em>luminibus</em></span> <span class='ocrx_word' id='word_1_77' title='bbox 693 783 845 834; x_wconf 68' lang='lat' dir='ltr'><em>inqenii,</em></span> <span class='ocrx_word' id='word_1_78' title='bbox 891 781 1032 821; x_wconf 87' lang='lat' dir='ltr'><em>multae</em></span> <span class='ocrx_word' id='word_1_79' title='bbox 1069 787 1196 821; x_wconf 85' lang='lat' dir='ltr'><em>tamen</em></span> <span class='ocrx_word' id='word_1_80' title='bbox 1233 781 1339 820; x_wconf 87' lang='lat' dir='ltr'><em>artis.</em></span> <span class='ocrx_word' id='word_1_81' title='bbox 1402 779 1575 831; x_wconf 82' lang='lat' dir='ltr'><em>Denique</em></span> 
     </span>
     <span class='ocr_line' id='line_1_10' title="bbox 152 848 1576 902; baseline -0.002 -11"><span class='ocrx_word' id='word_1_82' title='bbox 152 851 198 891; x_wconf 83' lang='lat' dir='ltr'><em>ad</em></span> <span class='ocrx_word' id='word_1_83' title='bbox 231 851 308 891; x_wconf 73' lang='lat' dir='ltr'><em>Aa.</em></span> <span class='ocrx_word' id='word_1_84' title='bbox 342 850 426 890; x_wconf 91' lang='lat' dir='ltr'>VIII</span> <span class='ocrx_word' id='word_1_85' title='bbox 460 851 523 899; x_wconf 86' lang='lat'><em>13,</em></span> <span class='ocrx_word' id='word_1_86' title='bbox 547 850 571 889; x_wconf 81' lang='lat'><strong>2</strong></span> <span class='ocrx_word' id='word_1_87' title='bbox 604 863 674 890; x_wconf 87' lang='lat' dir='ltr'><em>nos</em></span> <span class='ocrx_word' id='word_1_88' title='bbox 706 850 921 889; x_wconf 81' lang='lat' dir='ltr'><em>conicimus</em></span> <span class='ocrx_word' id='word_1_89' title='bbox 954 848 1063 896; x_wconf 88' lang='lat' dir='ltr'><em>Quae</em></span> <span class='ocrx_word' id='word_1_90' title='bbox 1092 856 1219 889; x_wconf 88' lang='lat' dir='ltr'><em>autem</em></span> <span class='ocrx_word' id='word_1_91' title='bbox 1254 850 1469 902; x_wconf 77' lang='lat' dir='ltr'><em>impendere</em></span> <span class='ocrx_word' id='word_1_92' title='bbox 1496 861 1576 900; x_wconf 87' lang='lat' dir='ltr'><em>pu-</em></span> 
     </span>
     <span class='ocr_line' id='line_1_11' title="bbox 148 918 1576 972; baseline -0.001 -12"><span class='ocrx_word' id='word_1_93' title='bbox 148 927 282 967; x_wconf 89' lang='lat' dir='ltr'><em>tarem,</em></span> <span class='ocrx_word' id='word_1_94' title='bbox 328 923 553 972; x_wconf 80' lang='lat' dir='ltr'><em>scripseram</em></span> <span class='ocrx_word' id='word_1_95' title='bbox 588 921 638 960; x_wconf 81' lang='lat' dir='ltr'><em>ad</em></span> <span class='ocrx_word' id='word_1_96' title='bbox 668 927 712 967; x_wconf 85' lang='lat' dir='ltr'><em>te,</em></span> <span class='ocrx_word' id='word_1_97' title='bbox 760 927 793 960; x_wconf 86' lang='lat' dir='ltr'><em>et</em></span> <span class='ocrx_word' id='word_1_98' title='bbox 829 927 955 959; x_wconf 85' lang='lat' dir='ltr'><em>tamen</em></span> <span class='ocrx_word' id='word_1_99' title='bbox 989 926 1074 959; x_wconf 83' lang='lat' dir='ltr'><em>tuas</em></span> <span class='ocrx_word' id='word_1_100' title='bbox 1113 919 1257 959; x_wconf 84' lang='lat' dir='ltr'><em>litteras</em></span> <span class='ocrx_word' id='word_1_101' title='bbox 1293 918 1576 970; x_wconf 76' lang='lat' dir='ltr'><em>eaespectabam3</em></span> 
     </span>
     <span class='ocr_line' id='line_1_12' title="bbox 151 987 1575 1041; baseline -0.001 -13"><span class='ocrx_word' id='word_1_102' title='bbox 151 1001 241 1028; x_wconf 82' lang='lat' dir='ltr'><em>nam</em></span> <span class='ocrx_word' id='word_1_103' title='bbox 275 1001 402 1041; x_wconf 81' lang='lat' dir='ltr'><em>neque</em></span> <span class='ocrx_word' id='word_1_104' title='bbox 434 995 468 1028; x_wconf 91' lang='lat' dir='ltr'><em>et</em></span> <span class='ocrx_word' id='word_1_105' title='bbox 497 991 588 1035; x_wconf 74' lang='lat' dir='ltr'><em>iam,</em></span> <span class='ocrx_word' id='word_1_106' title='bbox 621 989 724 1040; x_wconf 92' lang='lat' dir='ltr'><em>quod</em></span> <span class='ocrx_word' id='word_1_107' title='bbox 757 988 902 1028; x_wconf 79' lang='lat' dir='ltr'><em>habent</em></span> <span class='ocrx_word' id='word_1_108' title='bbox 929 988 980 1027; x_wconf 84' lang='lat'><em>02</em></span> <span class='ocrx_word' id='word_1_109' title='bbox 1019 988 1103 1029; x_wconf 78' lang='lat' dir='ltr'><em>(sed</em></span> <span class='ocrx_word' id='word_1_110' title='bbox 1137 995 1186 1027; x_wconf 81' lang='grc' dir='ltr'><em>ιι</em></span> <span class='ocrx_word' id='word_1_111' title='bbox 1220 1000 1264 1026; x_wconf 85' lang='lat' dir='ltr'><em>ex</em></span> <span class='ocrx_word' id='word_1_112' title='bbox 1293 987 1425 1038; x_wconf 58' lang='lat' dir='ltr'><em>corin),</em></span> <span class='ocrx_word' id='word_1_113' title='bbox 1458 987 1524 1034; x_wconf 77' lang='lat' dir='ltr'><em>M2,</em></span> <span class='ocrx_word' id='word_1_114' title='bbox 1545 1000 1575 1035; x_wconf 87' lang='lat' dir='ltr'><em>s,</em></span> 
     </span>
     <span class='ocr_line' id='line_1_13' title="bbox 148 1056 1440 1110; baseline -0.002 -13"><span class='ocrx_word' id='word_1_115' title='bbox 148 1070 275 1109; x_wconf 85' lang='lat' dir='ltr'><em>neque</em></span> <span class='ocrx_word' id='word_1_116' title='bbox 305 1060 429 1104; x_wconf 86' lang='lat' dir='ltr'><em>etiam,</em></span> <span class='ocrx_word' id='word_1_117' title='bbox 462 1058 565 1110; x_wconf 87' lang='lat' dir='ltr'><em>quod</em></span> <span class='ocrx_word' id='word_1_118' title='bbox 597 1064 657 1097; x_wconf 79' lang='lat' dir='ltr'><em>est</em></span> <span class='ocrx_word' id='word_1_119' title='bbox 687 1057 726 1096; x_wconf 91' lang='lat' dir='ltr'><em>in</em></span> <span class='ocrx_word' id='word_1_120' title='bbox 758 1057 928 1104; x_wconf 74' lang='lat' dir='ltr'><strong>ERM³‚</strong></span> <span class='ocrx_word' id='word_1_121' title='bbox 963 1056 1178 1096; x_wconf 79' lang='lat' dir='ltr'><em>sententiae</em></span> <span class='ocrx_word' id='word_1_122' title='bbox 1211 1056 1306 1096; x_wconf 82' lang='lat' dir='ltr'><em>satis</em></span> <span class='ocrx_word' id='word_1_123' title='bbox 1337 1056 1440 1096; x_wconf 80' lang='lat' dir='ltr'><em>facit.</em></span> 
     </span>
    </p>

    <p class='ocr_par' dir='ltr' id='par_1_3' title="bbox 144 1125 1578 1455">
     <span class='ocr_line' id='line_1_14' title="bbox 262 1125 1578 1179; baseline -0.001 -14"><span class='ocrx_word' id='word_1_124' title='bbox 262 1127 313 1166; x_wconf 88' lang='grc' dir='ltr'><em>ΙΙΙ</em></span> <span class='ocrx_word' id='word_1_125' title='bbox 350 1127 411 1174; x_wconf 82' lang='grc'>15,</span> <span class='ocrx_word' id='word_1_126' title='bbox 435 1126 472 1165; x_wconf 83' lang='grc'><em>2.</em></span> <span class='ocrx_word' id='word_1_127' title='bbox 533 1127 631 1166; x_wconf 88' lang='lat' dir='ltr'><em>Nam</em></span> <span class='ocrx_word' id='word_1_128' title='bbox 662 1127 759 1179; x_wconf 80' lang='lat' dir='ltr'><em>qnod</em></span> <span class='ocrx_word' id='word_1_129' title='bbox 785 1139 929 1178; x_wconf 74' lang='lat' dir='ltr'><em>pnryas</em></span> <span class='ocrx_word' id='word_1_130' title='bbox 959 1138 1032 1173; x_wconf 88' lang='lat' dir='ltr'><em>eos,</em></span> <span class='ocrx_word' id='word_1_131' title='bbox 1079 1138 1168 1178; x_wconf 84' lang='lat' dir='ltr'><em>quos</em></span> <span class='ocrx_word' id='word_1_132' title='bbox 1207 1137 1272 1177; x_wconf 74' lang='lat' dir='ltr'><em>eyo</em></span> <span class='ocrx_word' id='word_1_133' title='bbox 1310 1125 1406 1165; x_wconf 81' lang='lat' dir='ltr'><em>mihi</em></span> <span class='ocrx_word' id='word_1_134' title='bbox 1443 1127 1578 1177; x_wconf 83' lang='lat' dir='ltr'><em>scripsi</em></span> 
     </span>
     <span class='ocr_line' id='line_1_15' title="bbox 149 1194 1575 1248; baseline -0.001 -13"><span class='ocrx_word' id='word_1_135' title='bbox 149 1197 339 1241; x_wconf 83' lang='lat' dir='ltr'><em>invidisse,</em></span> <span class='ocrx_word' id='word_1_136' title='bbox 387 1202 421 1236; x_wconf 90' lang='lat' dir='ltr'><em>et</em></span> <span class='ocrx_word' id='word_1_137' title='bbox 457 1199 498 1235; x_wconf 85' lang='lat' dir='ltr'><em>in</em></span> <span class='ocrx_word' id='word_1_138' title='bbox 538 1198 588 1236; x_wconf 93' lang='lat' dir='ltr'><em>eis</em></span> <span class='ocrx_word' id='word_1_139' title='bbox 631 1195 821 1239; x_wconf 79' lang='lat' dir='ltr'><em>Catonem,</em></span> <span class='ocrx_word' id='word_1_140' title='bbox 869 1207 933 1248; x_wconf 73' lang='lat' dir='ltr'><em>eqo</em></span> <span class='ocrx_word' id='word_1_141' title='bbox 969 1207 1058 1234; x_wconf 85' lang='lat' dir='ltr'><em>vero</em></span> <span class='ocrx_word' id='word_1_142' title='bbox 1089 1201 1237 1234; x_wconf 87' lang='lat' dir='ltr'><em>tantum</em></span> <span class='ocrx_word' id='word_1_143' title='bbox 1267 1194 1378 1234; x_wconf 90' lang='lat' dir='ltr'><em>illum</em></span> <span class='ocrx_word' id='word_1_144' title='bbox 1404 1201 1498 1246; x_wconf 87' lang='lat' dir='ltr'><em>puto</em></span> <span class='ocrx_word' id='word_1_145' title='bbox 1530 1194 1575 1232; x_wconf 84' lang='lat' dir='ltr'><em>ab</em></span> 
     </span>
     <span class='ocr_line' id='line_1_16' title="bbox 147 1264 1576 1317; baseline -0.003 -12"><span class='ocrx_word' id='word_1_146' title='bbox 147 1269 216 1306; x_wconf 83' lang='lat' dir='ltr'><em>isto</em></span> <span class='ocrx_word' id='word_1_147' title='bbox 246 1265 383 1305; x_wconf 83' lang='lat' dir='ltr'><em>scelere</em></span> <span class='ocrx_word' id='word_1_148' title='bbox 413 1265 570 1317; x_wconf 82' lang='lat' dir='ltr'><em>afuisse,</em></span> <span class='ocrx_word' id='word_1_149' title='bbox 616 1271 658 1304; x_wconf 89' lang='lat' dir='ltr'><em>ut</em></span> <span class='ocrx_word' id='word_1_150' title='bbox 702 1268 870 1305; x_wconf 69' lang='lat' dir='ltr'><em>mamime</em></span> <span class='ocrx_word' id='word_1_151' title='bbox 918 1264 1067 1304; x_wconf 84' lang='lat' dir='ltr'><em>doleam</em></span> <span class='ocrx_word' id='word_1_152' title='bbox 1101 1264 1190 1316; x_wconf 87' lang='lat' dir='ltr'><em>plus</em></span> <span class='ocrx_word' id='word_1_153' title='bbox 1230 1264 1333 1315; x_wconf 82' lang='lat' dir='ltr'><em>apud</em></span> <span class='ocrx_word' id='word_1_154' title='bbox 1367 1276 1426 1304; x_wconf 89' lang='lat' dir='ltr'><em>me</em></span> <span class='ocrx_word' id='word_1_155' title='bbox 1456 1266 1576 1304; x_wconf 88' lang='lat' dir='ltr'><em>simu-</em></span> 
     </span>
     <span class='ocr_line' id='line_1_17' title="bbox 149 1331 1577 1386; baseline -0.001 -13"><span class='ocrx_word' id='word_1_156' title='bbox 149 1335 327 1374; x_wconf 84' lang='lat' dir='ltr'><em>lationem</em></span> <span class='ocrx_word' id='word_1_157' title='bbox 372 1334 539 1374; x_wconf 86' lang='lat' dir='ltr'><em>aliorum</em></span> <span class='ocrx_word' id='word_1_158' title='bbox 584 1346 698 1386; x_wconf 82' lang='lat' dir='ltr'><em>quam</em></span> <span class='ocrx_word' id='word_1_159' title='bbox 743 1335 851 1373; x_wconf 81' lang='lat' dir='ltr'><em>istius</em></span> <span class='ocrx_word' id='word_1_160' title='bbox 895 1333 1010 1386; x_wconf 81' lang='lat' dir='ltr'><em>fidem</em></span> <span class='ocrx_word' id='word_1_161' title='bbox 1055 1332 1233 1372; x_wconf 87' lang='lat' dir='ltr'><em>valuisse.</em></span> <span class='ocrx_word' id='word_1_162' title='bbox 1299 1331 1446 1372; x_wconf 85' lang='lat' dir='ltr'><em>Ceteros</em></span> <span class='ocrx_word' id='word_1_163' title='bbox 1478 1332 1577 1384; x_wconf 84' lang='lat' dir='ltr'><em>quocl</em></span> 
     </span>
     <span class='ocr_line' id='line_1_18' title="bbox 144 1401 1316 1455; baseline -0.003 -12"><span class='ocrx_word' id='word_1_164' title='bbox 144 1415 301 1455; x_wconf 64' lang='lat' dir='ltr'><em>purgas,</em></span> <span class='ocrx_word' id='word_1_165' title='bbox 334 1403 466 1443; x_wconf 85' lang='lat' dir='ltr'><em>debent</em></span> <span class='ocrx_word' id='word_1_166' title='bbox 494 1403 590 1443; x_wconf 83' lang='lat' dir='ltr'><em>mihi</em></span> <span class='ocrx_word' id='word_1_167' title='bbox 620 1402 672 1454; x_wconf 66' lang='grc'><em>-1-</em></span> <span class='ocrx_word' id='word_1_168' title='bbox 690 1403 846 1455; x_wconf 85' lang='lat' dir='ltr'><em>probati</em></span> <span class='ocrx_word' id='word_1_169' title='bbox 865 1401 917 1455; x_wconf 77' lang='grc' dir='ltr'><em>-Ι-</em></span> <span class='ocrx_word' id='word_1_170' title='bbox 940 1414 1026 1448; x_wconf 89' lang='lat' dir='ltr'><em>esse,</em></span> <span class='ocrx_word' id='word_1_171' title='bbox 1057 1402 1127 1442; x_wconf 89' lang='lat' dir='ltr'><em>tibi</em></span> <span class='ocrx_word' id='word_1_172' title='bbox 1153 1404 1188 1442; x_wconf 92' lang='lat' dir='ltr'><em>si</em></span> <span class='ocrx_word' id='word_1_173' title='bbox 1214 1408 1316 1441; x_wconf 88' lang='lat' dir='ltr'><em>sunt.</em></span> 
     </span>
    </p>

    <p class='ocr_par' dir='ltr' id='par_1_4' title="bbox 142 1470 1576 2612">
     <span class='ocr_line' id='line_1_19' title="bbox 265 1470 1574 1524; baseline -0.002 -13"><span class='ocrx_word' id='word_1_174' title='bbox 265 1471 415 1512; x_wconf 86' lang='lat' dir='ltr'><em>Ceteros</em></span> <span class='ocrx_word' id='word_1_175' title='bbox 460 1472 560 1524; x_wconf 83' lang='lat' dir='ltr'><em>quod</em></span> <span class='ocrx_word' id='word_1_176' title='bbox 605 1471 709 1519; x_wconf 82' lang='lat' dir='ltr'><strong>ZL2,</strong></span> <span class='ocrx_word' id='word_1_177' title='bbox 755 1470 912 1523; x_wconf 84' lang='lat' dir='ltr'><em>L(mgo)</em></span> <span class='ocrx_word' id='word_1_178' title='bbox 959 1477 997 1511; x_wconf 87' lang='lat' dir='ltr'><em>et</em></span> <span class='ocrx_word' id='word_1_179' title='bbox 1042 1470 1094 1511; x_wconf 82' lang='lat' dir='ltr'><em>ita</em></span> <span class='ocrx_word' id='word_1_180' title='bbox 1126 1483 1160 1510; x_wconf 87' lang='lat' dir='ltr'><em>v.</em></span> <span class='ocrx_word' id='word_1_181' title='bbox 1193 1483 1239 1517; x_wconf 87' lang='lat' dir='ltr'><em>c.,</em></span> <span class='ocrx_word' id='word_1_182' title='bbox 1292 1470 1403 1510; x_wconf 82' lang='lat' dir='ltr'>codd.</span> <span class='ocrx_word' id='word_1_183' title='bbox 1452 1470 1574 1509; x_wconf 86' lang='lat' dir='ltr'><em>Bosii:</em></span> 
     </span>
     <span class='ocr_line' id='line_1_20' title="bbox 146 1538 1572 1593; baseline -0.001 -13"><span class='ocrx_word' id='word_1_184' title='bbox 146 1547 284 1580; x_wconf 84' lang='lat' dir='ltr'><em>ceteros</em></span> <span class='ocrx_word' id='word_1_185' title='bbox 314 1552 406 1593; x_wconf 81' lang='lat' dir='ltr'><em>quos</em></span> <span class='ocrx_word' id='word_1_186' title='bbox 436 1540 477 1588; x_wconf 91' lang='lat' dir='ltr'><em>E,</em></span> <span class='ocrx_word' id='word_1_187' title='bbox 500 1540 545 1588; x_wconf 89' lang='lat' dir='ltr'><em>N,</em></span> <span class='ocrx_word' id='word_1_188' title='bbox 570 1540 614 1588; x_wconf 88' lang='grc' dir='ltr'><em>Η,</em></span> <span class='ocrx_word' id='word_1_189' title='bbox 638 1540 683 1587; x_wconf 90' lang='grc' dir='ltr'>Ο,</span> <span class='ocrx_word' id='word_1_190' title='bbox 706 1539 747 1587; x_wconf 91' lang='grc' dir='ltr'>Ρ,</span> <span class='ocrx_word' id='word_1_191' title='bbox 770 1540 825 1586; x_wconf 80' lang='grc' dir='ltr'><em>Μς</em></span> <span class='ocrx_word' id='word_1_192' title='bbox 861 1539 984 1579; x_wconf 83' lang='lat' dir='ltr'><em>Ceteri</em></span> <span class='ocrx_word' id='word_1_193' title='bbox 1012 1552 1102 1592; x_wconf 83' lang='lat' dir='ltr'><em>quos</em></span> <span class='ocrx_word' id='word_1_194' title='bbox 1131 1552 1161 1579; x_wconf 89' lang='lat' dir='ltr'><em>s.</em></span> <span class='ocrx_word' id='word_1_195' title='bbox 1224 1538 1274 1578; x_wconf 91' lang='lat' dir='ltr'><em>Ut</em></span> <span class='ocrx_word' id='word_1_196' title='bbox 1305 1539 1344 1578; x_wconf 91' lang='lat' dir='ltr'><em>in</em></span> <span class='ocrx_word' id='word_1_197' title='bbox 1375 1552 1416 1579; x_wconf 81' lang='lat' dir='ltr'><em>ea</em></span> <span class='ocrx_word' id='word_1_198' title='bbox 1456 1552 1572 1591; x_wconf 82' lang='lat' dir='ltr'><em>quam</em></span> 
     </span>
     <span class='ocr_line' id='line_1_21' title="bbox 152 1607 1574 1660; baseline -0.001 -12"><span class='ocrx_word' id='word_1_199' title='bbox 152 1609 267 1648; x_wconf 86' lang='lat' dir='ltr'><em>modo</em></span> <span class='ocrx_word' id='word_1_200' title='bbox 299 1609 504 1649; x_wconf 77' lang='lat' dir='ltr'><em>attulimus</em></span> <span class='ocrx_word' id='word_1_201' title='bbox 535 1609 700 1649; x_wconf 83' lang='lat' dir='ltr'><em>lectione</em></span> <span class='ocrx_word' id='word_1_202' title='bbox 733 1608 758 1647; x_wconf 95' lang='lat' dir='ltr'>Z</span> <span class='ocrx_word' id='word_1_203' title='bbox 793 1609 930 1648; x_wconf 83' lang='lat' dir='ltr'><em>melior</em></span> <span class='ocrx_word' id='word_1_204' title='bbox 961 1614 1020 1647; x_wconf 81' lang='lat' dir='ltr'><em>est</em></span> <span class='ocrx_word' id='word_1_205' title='bbox 1051 1621 1166 1660; x_wconf 81' lang='lat' dir='ltr'><em>quam</em></span> <span class='ocrx_word' id='word_1_206' title='bbox 1202 1607 1256 1655; x_wconf 80' lang='lat' dir='ltr'><em>M,</em></span> <span class='ocrx_word' id='word_1_207' title='bbox 1295 1608 1347 1648; x_wconf 81' lang='lat' dir='ltr'><em>ita</em></span> <span class='ocrx_word' id='word_1_208' title='bbox 1385 1609 1501 1648; x_wconf 77' lang='lat' dir='ltr'><em>etiam</em></span> <span class='ocrx_word' id='word_1_209' title='bbox 1535 1608 1574 1648; x_wconf 91' lang='lat' dir='ltr'><em>in</em></span> 
     </span>
     <span class='ocr_line' id='line_1_22' title="bbox 146 1677 1575 1730; baseline -0.001 -13"><span class='ocrx_word' id='word_1_210' title='bbox 146 1677 202 1717; x_wconf 81' lang='lat' dir='ltr'><em>eis</em></span> <span class='ocrx_word' id='word_1_211' title='bbox 233 1690 332 1729; x_wconf 82' lang='lat' dir='ltr'><em>quae</em></span> <span class='ocrx_word' id='word_1_212' title='bbox 363 1684 596 1730; x_wconf 74' lang='lat' dir='ltr'><em>sequuntur,</em></span> <span class='ocrx_word' id='word_1_213' title='bbox 658 1677 754 1717; x_wconf 80' lang='lat' dir='ltr'><em>Nam</em></span> <span class='ocrx_word' id='word_1_214' title='bbox 782 1677 939 1730; x_wconf 87' lang='lat' dir='ltr'><em>probati</em></span> <span class='ocrx_word' id='word_1_215' title='bbox 982 1677 1127 1716; x_wconf 83' lang='lat' dir='ltr'><em>habent</em></span> <span class='ocrx_word' id='word_1_216' title='bbox 1163 1683 1312 1717; x_wconf 80' lang='lat' dir='ltr'><em>veteres</em></span> <span class='ocrx_word' id='word_1_217' title='bbox 1351 1677 1440 1716; x_wconf 86' lang='lat' dir='ltr'>libri</span> <span class='ocrx_word' id='word_1_218' title='bbox 1478 1684 1575 1717; x_wconf 78' lang='lat' dir='ltr'><em>teste</em></span> 
     </span>
     <span class='ocr_line' id='line_1_23' title="bbox 146 1746 1575 1800; baseline -0.001 -14"><span class='ocrx_word' id='word_1_219' title='bbox 146 1746 367 1795; x_wconf 80' lang='lat' dir='ltr'><em>Lambin01,</em></span> <span class='ocrx_word' id='word_1_220' title='bbox 399 1758 433 1786; x_wconf 84' lang='lat' dir='ltr'><em>v.</em></span> <span class='ocrx_word' id='word_1_221' title='bbox 465 1760 512 1794; x_wconf 86' lang='lat' dir='ltr'><em>c.,</em></span> <span class='ocrx_word' id='word_1_222' title='bbox 543 1747 656 1787; x_wconf 85' lang='lat' dir='ltr'>codd.</span> <span class='ocrx_word' id='word_1_223' title='bbox 682 1746 806 1794; x_wconf 81' lang='lat' dir='ltr'><em>Bosii3</em></span> <span class='ocrx_word' id='word_1_224' title='bbox 838 1752 973 1786; x_wconf 82' lang='lat' dir='ltr'><em>contra</em></span> <span class='ocrx_word' id='word_1_225' title='bbox 998 1747 1029 1785; x_wconf 79' lang='lat' dir='ltr'><strong>M</strong></span> <span class='ocrx_word' id='word_1_226' title='bbox 1055 1746 1170 1785; x_wconf 83' lang='lat' dir='ltr'><em>habet</em></span> <span class='ocrx_word' id='word_1_227' title='bbox 1199 1749 1364 1800; x_wconf 53' lang='lat' dir='ltr'><em>puryati‘,</em></span> <span class='ocrx_word' id='word_1_228' title='bbox 1398 1748 1437 1786; x_wconf 90' lang='lat' dir='ltr'><em>in</em></span> <span class='ocrx_word' id='word_1_229' title='bbox 1470 1759 1575 1786; x_wconf 76' lang='lat' dir='ltr'><em>niar-</em></span> 
     </span>
     <span class='ocr_line' id='line_1_24' title="bbox 146 1815 1575 1869; baseline 0 -15"><span class='ocrx_word' id='word_1_230' title='bbox 146 1815 233 1867; x_wconf 87' lang='lat' dir='ltr'><em>gine</em></span> <span class='ocrx_word' id='word_1_231' title='bbox 259 1815 417 1869; x_wconf 89' lang='lat' dir='ltr'><em>probati</em></span> <span class='ocrx_word' id='word_1_232' title='bbox 444 1816 561 1868; x_wconf 84' lang='lat' dir='ltr'><em>idque</em></span> <span class='ocrx_word' id='word_1_233' title='bbox 596 1816 831 1856; x_wconf 83' lang='lat' dir='ltr'><em>vocabulum</em></span> <span class='ocrx_word' id='word_1_234' title='bbox 864 1815 1049 1855; x_wconf 81' lang='lat' dir='ltr'><em>deletum.</em></span> <span class='ocrx_word' id='word_1_235' title='bbox 1097 1815 1144 1855; x_wconf 86' lang='lat' dir='ltr'><em>Et</em></span> <span class='ocrx_word' id='word_1_236' title='bbox 1167 1821 1310 1862; x_wconf 80' lang='lat' dir='ltr'><em>tamen,</em></span> <span class='ocrx_word' id='word_1_237' title='bbox 1345 1821 1431 1855; x_wconf 84' lang='lat' dir='ltr'><em>utra</em></span> <span class='ocrx_word' id='word_1_238' title='bbox 1461 1816 1575 1855; x_wconf 84' lang='lat' dir='ltr'><em>lectio</em></span> 
     </span>
     <span class='ocr_line' id='line_1_25' title="bbox 147 1884 1575 1938; baseline 0.001 -15"><span class='ocrx_word' id='word_1_239' title='bbox 147 1884 284 1924; x_wconf 82' lang='lat' dir='ltr'><em>melior</em></span> <span class='ocrx_word' id='word_1_240' title='bbox 305 1891 418 1930; x_wconf 84' lang='lat' dir='ltr'><em>esset,</em></span> <span class='ocrx_word' id='word_1_241' title='bbox 451 1885 619 1925; x_wconf 82' lang='lat' dir='ltr'><em>dubitari</em></span> <span class='ocrx_word' id='word_1_242' title='bbox 641 1891 816 1938; x_wconf 68' lang='lat' dir='ltr'><em>poterat,</em></span> <span class='ocrx_word' id='word_1_243' title='bbox 848 1897 955 1924; x_wconf 89' lang='lat' dir='ltr'><em>nunc</em></span> <span class='ocrx_word' id='word_1_244' title='bbox 978 1897 1068 1924; x_wconf 80' lang='lat' dir='ltr'><em>vero</em></span> <span class='ocrx_word' id='word_1_245' title='bbox 1090 1884 1131 1932; x_wconf 89' lang='lat' dir='ltr'><em>E,</em></span> <span class='ocrx_word' id='word_1_246' title='bbox 1154 1884 1199 1932; x_wconf 91' lang='lat' dir='ltr'><em>N,</em></span> <span class='ocrx_word' id='word_1_247' title='bbox 1223 1884 1268 1933; x_wconf 89' lang='lat' dir='ltr'><em>O,</em></span> <span class='ocrx_word' id='word_1_248' title='bbox 1292 1884 1333 1932; x_wconf 88' lang='grc' dir='ltr'>Ρ,</span> <span class='ocrx_word' id='word_1_249' title='bbox 1356 1897 1374 1924; x_wconf 85' lang='lat' dir='ltr'><em>s</em></span> <span class='ocrx_word' id='word_1_250' title='bbox 1397 1884 1575 1937; x_wconf 78' lang='lat' dir='ltr'><em>probant,</em></span> 
     </span>
     <span class='ocr_line' id='line_1_26' title="bbox 145 1952 1574 2006; baseline 0.001 -14"><span class='ocrx_word' id='word_1_251' title='bbox 145 1952 185 1992; x_wconf 92' lang='lat' dir='ltr'><em>in</em></span> <span class='ocrx_word' id='word_1_252' title='bbox 219 1952 250 1992; x_wconf 95' lang='lat' dir='ltr'>X</span> <span class='ocrx_word' id='word_1_253' title='bbox 282 1954 404 1993; x_wconf 85' lang='lat' dir='ltr'><em>fuisse</em></span> <span class='ocrx_word' id='word_1_254' title='bbox 430 1955 603 2006; x_wconf 71' lang='lat' dir='ltr'><em>probati,</em></span> <span class='ocrx_word' id='word_1_255' title='bbox 635 1960 769 1995; x_wconf 78' lang='lat' dir='ltr'><em>contra</em></span> <span class='ocrx_word' id='word_1_256' title='bbox 802 1953 835 1993; x_wconf 94' lang='lat' dir='ltr'>H</span> <span class='ocrx_word' id='word_1_257' title='bbox 867 1966 956 1994; x_wconf 87' lang='lat' dir='ltr'><em>oum</em></span> <span class='ocrx_word' id='word_1_258' title='bbox 990 1953 1026 1993; x_wconf 89' lang='lat' dir='ltr'><strong>M</strong></span> <span class='ocrx_word' id='word_1_259' title='bbox 1059 1953 1264 1994; x_wconf 77' lang='lat' dir='ltr'><em>consentit.</em></span> <span class='ocrx_word' id='word_1_260' title='bbox 1327 1953 1574 1993; x_wconf 79' lang='lat' dir='ltr'><em>Simillimam</em></span> 
     </span>
     <span class='ocr_line' id='line_1_27' title="bbox 147 2020 1576 2076; baseline 0.001 -16"><span class='ocrx_word' id='word_1_261' title='bbox 147 2020 223 2061; x_wconf 91' lang='lat' dir='ltr'><em>vim</em></span> <span class='ocrx_word' id='word_1_262' title='bbox 251 2033 421 2074; x_wconf 74' lang='lat' dir='ltr'><em>purqare</em></span> <span class='ocrx_word' id='word_1_263' title='bbox 452 2028 490 2062; x_wconf 85' lang='lat' dir='ltr'><em>et</em></span> <span class='ocrx_word' id='word_1_264' title='bbox 516 2023 682 2074; x_wconf 86' lang='lat' dir='ltr'><em>probare</em></span> <span class='ocrx_word' id='word_1_265' title='bbox 717 2022 859 2063; x_wconf 77' lang='lat' dir='ltr'><em>habere</em></span> <span class='ocrx_word' id='word_1_266' title='bbox 890 2035 937 2062; x_wconf 83' lang='lat' dir='ltr'><em>ex</em></span> <span class='ocrx_word' id='word_1_267' title='bbox 968 2035 1027 2075; x_wconf 83' lang='lat' dir='ltr'><em>ep.</em></span> <span class='ocrx_word' id='word_1_268' title='bbox 1060 2024 1106 2062; x_wconf 84' lang='lat' dir='ltr'><em>ad</em></span> <span class='ocrx_word' id='word_1_269' title='bbox 1129 2024 1205 2063; x_wconf 87' lang='lat' dir='ltr'><em>Att.</em></span> <span class='ocrx_word' id='word_1_270' title='bbox 1231 2022 1247 2061; x_wconf 97' lang='lat' dir='ltr'>I</span> <span class='ocrx_word' id='word_1_271' title='bbox 1272 2023 1335 2070; x_wconf 87' lang='lat'><em>17,</em></span> <span class='ocrx_word' id='word_1_272' title='bbox 1361 2024 1383 2062; x_wconf 88' lang='grc'><strong>7</strong></span> <span class='ocrx_word' id='word_1_273' title='bbox 1416 2029 1576 2076; x_wconf 80' lang='lat' dir='ltr'><em>apparet</em></span> 
     </span>
     <span class='ocr_line' id='line_1_28' title="bbox 142 2091 1575 2144; baseline 0.001 -15"><span class='ocrx_word' id='word_1_274' title='bbox 142 2098 327 2142; x_wconf 76' lang='lat' dir='ltr'><em>purqatos</em></span> <span class='ocrx_word' id='word_1_275' title='bbox 371 2103 414 2131; x_wconf 87' lang='lat' dir='ltr'><em>ac</em></span> <span class='ocrx_word' id='word_1_276' title='bbox 452 2091 649 2143; x_wconf 87' lang='lat' dir='ltr'><em>probatos,</em></span> <span class='ocrx_word' id='word_1_277' title='bbox 702 2092 928 2131; x_wconf 82' lang='lat' dir='ltr'><em>Ciceronem</em></span> <span class='ocrx_word' id='word_1_278' title='bbox 981 2104 1071 2131; x_wconf 83' lang='lat' dir='ltr'><em>vero</em></span> <span class='ocrx_word' id='word_1_279' title='bbox 1124 2104 1202 2131; x_wconf 91' lang='lat' dir='ltr'><em>non</em></span> <span class='ocrx_word' id='word_1_280' title='bbox 1254 2104 1471 2144; x_wconf 82' lang='lat' dir='ltr'><em>numquam</em></span> <span class='ocrx_word' id='word_1_281' title='bbox 1525 2092 1575 2131; x_wconf 85' lang='lat' dir='ltr'><em>ita</em></span> 
     </span>
     <span class='ocr_line' id='line_1_29' title="bbox 148 2158 1575 2213; baseline 0.002 -16"><span class='ocrx_word' id='word_1_282' title='bbox 148 2158 363 2198; x_wconf 81' lang='lat' dir='ltr'><em>orationem</em></span> <span class='ocrx_word' id='word_1_283' title='bbox 397 2159 563 2207; x_wconf 80' lang='lat' dir='ltr'><em>variare,</em></span> <span class='ocrx_word' id='word_1_284' title='bbox 611 2166 655 2200; x_wconf 88' lang='lat' dir='ltr'><em>ut</em></span> <span class='ocrx_word' id='word_1_285' title='bbox 691 2160 858 2200; x_wconf 85' lang='lat' dir='ltr'><em>alterum</em></span> <span class='ocrx_word' id='word_1_286' title='bbox 893 2172 1153 2213; x_wconf 84' lang='lat' dir='ltr'><em>synonymum</em></span> <span class='ocrx_word' id='word_1_287' title='bbox 1185 2161 1296 2200; x_wconf 80' lang='lat' dir='ltr'><em>alteri</em></span> <span class='ocrx_word' id='word_1_288' title='bbox 1328 2161 1575 2213; x_wconf 82' lang='lat' dir='ltr'><em>respondeat,</em></span> 
     </span>
     <span class='ocr_line' id='line_1_30' title="bbox 148 2227 1574 2282; baseline 0.002 -16"><span class='ocrx_word' id='word_1_289' title='bbox 148 2227 207 2267; x_wconf 85' lang='lat' dir='ltr'><em>his</em></span> <span class='ocrx_word' id='word_1_290' title='bbox 239 2227 332 2267; x_wconf 90' lang='lat' dir='ltr'><em>locis</em></span> <span class='ocrx_word' id='word_1_291' title='bbox 363 2229 614 2280; x_wconf 81' lang='lat' dir='ltr'><em>perspicuum</em></span> <span class='ocrx_word' id='word_1_292' title='bbox 638 2234 714 2269; x_wconf 85' lang='lat' dir='ltr'><em>est:</em></span> <span class='ocrx_word' id='word_1_293' title='bbox 747 2229 794 2269; x_wconf 79' lang='lat' dir='ltr'><em>ad</em></span> <span class='ocrx_word' id='word_1_294' title='bbox 827 2231 917 2269; x_wconf 81' lang='lat' dir='ltr'><em>fam.</em></span> <span class='ocrx_word' id='word_1_295' title='bbox 942 2229 971 2267; x_wconf 94' lang='lat' dir='ltr'><strong>V</strong></span> <span class='ocrx_word' id='word_1_296' title='bbox 1001 2230 1060 2276; x_wconf 81' lang='lat'><em>12,</em></span> <span class='ocrx_word' id='word_1_297' title='bbox 1084 2230 1109 2268; x_wconf 85' lang='lat'>4</span> <span class='ocrx_word' id='word_1_298' title='bbox 1142 2243 1227 2270; x_wconf 86' lang='lat' dir='ltr'><em>cum</em></span> <span class='ocrx_word' id='word_1_299' title='bbox 1257 2236 1291 2270; x_wconf 89' lang='lat' dir='ltr'><em>et</em></span> <span class='ocrx_word' id='word_1_300' title='bbox 1322 2230 1574 2282; x_wconf 77' lang='lat' dir='ltr'><em>reprehendes</em></span> 
     </span>
     <span class='ocr_line' id='line_1_31' title="bbox 148 2298 1575 2351; baseline 0 -15"><span class='ocrx_word' id='word_1_301' title='bbox 148 2308 193 2336; x_wconf 89' lang='lat' dir='ltr'><em>ea</em></span> <span class='ocrx_word' id='word_1_302' title='bbox 223 2309 318 2348; x_wconf 84' lang='lat' dir='ltr'><em>quae</em></span> <span class='ocrx_word' id='word_1_303' title='bbox 338 2298 591 2349; x_wconf 80' lang='lat' dir='ltr'><em>vituperanda</em></span> <span class='ocrx_word' id='word_1_304' title='bbox 613 2299 742 2346; x_wconf 68' lang='lat' dir='ltr'><em>(luces,</em></span> <span class='ocrx_word' id='word_1_305' title='bbox 775 2298 790 2337; x_wconf 94' lang='lat' dir='ltr'>I</span> <span class='ocrx_word' id='word_1_306' title='bbox 814 2299 850 2346; x_wconf 89' lang='lat'><em>7,</em></span> <span class='ocrx_word' id='word_1_307' title='bbox 877 2298 926 2337; x_wconf 86' lang='lat'><em>10</em></span> <span class='ocrx_word' id='word_1_308' title='bbox 951 2311 1047 2351; x_wconf 83' lang='lat' dir='ltr'><em>qnae</em></span> <span class='ocrx_word' id='word_1_309' title='bbox 1067 2311 1113 2338; x_wconf 86' lang='lat' dir='ltr'><em>ne</em></span> <span class='ocrx_word' id='word_1_310' title='bbox 1133 2311 1201 2350; x_wconf 88' lang='lat' dir='ltr'><em>per</em></span> <span class='ocrx_word' id='word_1_311' title='bbox 1221 2298 1404 2350; x_wconf 82' lang='lat' dir='ltr'><em>populum</em></span> <span class='ocrx_word' id='word_1_312' title='bbox 1427 2298 1575 2349; x_wconf 77' lang='lat' dir='ltr'><em>quidem</em></span> 
     </span>
     <span class='ocr_line' id='line_1_32' title="bbox 148 2365 1574 2419; baseline 0 -15"><span class='ocrx_word' id='word_1_313' title='bbox 148 2377 185 2416; x_wconf 69' lang='lat' dir='ltr'><em>se</em></span> <span class='ocrx_word' id='word_1_314' title='bbox 215 2365 372 2417; x_wconf 85' lang='lat' dir='ltr'><em>adsequi</em></span> <span class='ocrx_word' id='word_1_315' title='bbox 399 2365 702 2414; x_wconf 85' lang='lat' dir='ltr'><em>arbitrabantur,</em></span> <span class='ocrx_word' id='word_1_316' title='bbox 735 2379 806 2419; x_wconf 88' lang='lat' dir='ltr'><em>per</em></span> <span class='ocrx_word' id='word_1_317' title='bbox 846 2375 1020 2407; x_wconf 83' lang='lat' dir='ltr'><em>senatum</em></span> <span class='ocrx_word' id='word_1_318' title='bbox 1052 2370 1239 2407; x_wconf 84' lang='lat' dir='ltr'><em>consecuti</em></span> <span class='ocrx_word' id='word_1_319' title='bbox 1266 2374 1376 2414; x_wconf 76' lang='lat' dir='ltr'><em>sunt3</em></span> <span class='ocrx_word' id='word_1_320' title='bbox 1422 2367 1455 2405; x_wconf 86' lang='lat' dir='ltr'>X</span> <span class='ocrx_word' id='word_1_321' title='bbox 1488 2367 1526 2414; x_wconf 82' lang='grc'>6,</span> <span class='ocrx_word' id='word_1_322' title='bbox 1550 2365 1574 2404; x_wconf 84' lang='lat'><strong>2</strong></span> 
     </span>
     <span class='ocr_line' id='line_1_33' title="bbox 150 2437 1576 2488; baseline -0.001 -14"><span class='ocrx_word' id='word_1_323' title='bbox 150 2441 368 2479; x_wconf 76' lang='lat' dir='ltr'><em>consecutus</em></span> <span class='ocrx_word' id='word_1_324' title='bbox 413 2438 463 2475; x_wconf 88' lang='lat' dir='ltr'><em>sis</em></span> <span class='ocrx_word' id='word_1_325' title='bbox 517 2458 570 2464; x_wconf 89' lang='lat'><em>—-</em></span> <span class='ocrx_word' id='word_1_326' title='bbox 623 2448 660 2475; x_wconf 91' lang='lat' dir='ltr'><em>es</em></span> <span class='ocrx_word' id='word_1_327' title='bbox 706 2443 832 2476; x_wconf 83' lang='lat' dir='ltr'><em>autem</em></span> <span class='ocrx_word' id='word_1_328' title='bbox 875 2437 1032 2488; x_wconf 83' lang='lat' dir='ltr'><em>adeptus</em></span> <span class='ocrx_word' id='word_1_329' title='bbox 1083 2437 1332 2488; x_wconf 80' lang='lat' dir='ltr'><em>amplissimos</em></span> <span class='ocrx_word' id='word_1_330' title='bbox 1384 2450 1454 2481; x_wconf 73' lang='lat'><em>—3</em></span> <span class='ocrx_word' id='word_1_331' title='bbox 1505 2448 1576 2487; x_wconf 83' lang='lat' dir='ltr'><em>pro</em></span> 
     </span>
     <span class='ocr_line' id='line_1_34' title="bbox 149 2502 1576 2558; baseline 0.001 -16"><span class='ocrx_word' id='word_1_332' title='bbox 149 2502 275 2543; x_wconf 83' lang='lat' dir='ltr'><em>Tullio</em></span> <span class='ocrx_word' id='word_1_333' title='bbox 314 2504 326 2542; x_wconf 89' lang='grc' dir='ltr'>Ι</span> <span class='ocrx_word' id='word_1_334' title='bbox 359 2503 383 2543; x_wconf 85' lang='grc'><strong>3</strong></span> <span class='ocrx_word' id='word_1_335' title='bbox 415 2506 448 2543; x_wconf 88' lang='lat' dir='ltr'><em>si</em></span> <span class='ocrx_word' id='word_1_336' title='bbox 482 2506 605 2544; x_wconf 84' lang='lat' dir='ltr'><em>minus</em></span> <span class='ocrx_word' id='word_1_337' title='bbox 643 2507 722 2544; x_wconf 85' lang='lat' dir='ltr'><em>eius</em></span> <span class='ocrx_word' id='word_1_338' title='bbox 758 2505 887 2556; x_wconf 83' lang='lat' dir='ltr'><em>famae</em></span> <span class='ocrx_word' id='word_1_339' title='bbox 919 2517 1079 2558; x_wconf 87' lang='lat' dir='ltr'><em>parcere</em></span> <span class='ocrx_word' id='word_1_340' title='bbox 1120 2505 1273 2545; x_wconf 83' lang='lat' dir='ltr'><em>videbor</em></span> <span class='ocrx_word' id='word_1_341' title='bbox 1311 2517 1423 2556; x_wconf 83' lang='lat' dir='ltr'><em>quam</em></span> <span class='ocrx_word' id='word_1_342' title='bbox 1463 2512 1576 2544; x_wconf 87' lang='lat' dir='ltr'><em>antea</em></span> 
     </span>
     <span class='ocr_line' id='line_1_35' title="bbox 151 2571 335 2612; baseline 0 -1"><span class='ocrx_word' id='word_1_343' title='bbox 151 2571 335 2612; x_wconf 87' lang='lat' dir='ltr'><em>consului.</em></span> 
     </span>
    </p>

    <p class='ocr_par' dir='ltr' id='par_1_5' title="bbox 150 2640 1579 2761">
     <span class='ocr_line' id='line_1_36' title="bbox 263 2640 1579 2693; baseline 0.001 -14"><span class='ocrx_word' id='word_1_344' title='bbox 263 2641 311 2680; x_wconf 92' lang='lat' dir='ltr'><em>VI</em></span> <span class='ocrx_word' id='word_1_345' title='bbox 347 2642 380 2688; x_wconf 89' lang='lat'><em>1,</em></span> <span class='ocrx_word' id='word_1_346' title='bbox 414 2640 480 2679; x_wconf 82' lang='lat'><em>22.</em></span> <span class='ocrx_word' id='word_1_347' title='bbox 555 2640 695 2680; x_wconf 83' lang='lat' dir='ltr'><em>Filiola</em></span> <span class='ocrx_word' id='word_1_348' title='bbox 744 2648 812 2680; x_wconf 83' lang='lat' dir='ltr'><em>tua</em></span> <span class='ocrx_word' id='word_1_349' title='bbox 858 2648 1012 2693; x_wconf 74' lang='lat' dir='ltr'><em>qratum</em></span> <span class='ocrx_word' id='word_1_350' title='bbox 1061 2641 1155 2681; x_wconf 74' lang='lat' dir='ltr'><em>mihi</em></span> <span class='ocrx_word' id='word_1_351' title='bbox 1201 2642 1313 2692; x_wconf 82' lang='lat' dir='ltr'><em>fecit,</em></span> <span class='ocrx_word' id='word_1_352' title='bbox 1365 2643 1462 2693; x_wconf 73' lang='lat' dir='ltr'><em>qnod</em></span> <span class='ocrx_word' id='word_1_353' title='bbox 1513 2642 1579 2681; x_wconf 80' lang='lat' dir='ltr'><em>tibi</em></span> 
     </span>
     <span class='ocr_line' id='line_1_37' title="bbox 150 2708 1574 2761; baseline 0.001 -13"><span class='ocrx_word' id='word_1_354' title='bbox 150 2708 346 2760; x_wconf 70' lang='lat' dir='ltr'><em>diliyenter</em></span> <span class='ocrx_word' id='word_1_355' title='bbox 390 2710 608 2754; x_wconf 80' lang='lat' dir='ltr'><em>mandavit,</em></span> <span class='ocrx_word' id='word_1_356' title='bbox 671 2717 710 2749; x_wconf 86' lang='lat' dir='ltr'><em>ut</em></span> <span class='ocrx_word' id='word_1_357' title='bbox 762 2710 853 2749; x_wconf 70' lang='lat' dir='ltr'><em>milei</em></span> <span class='ocrx_word' id='word_1_358' title='bbox 899 2710 1058 2750; x_wconf 82' lang='lat' dir='ltr'><em>salntem</em></span> <span class='ocrx_word' id='word_1_359' title='bbox 1113 2710 1360 2755; x_wconf 81' lang='lat' dir='ltr'><em>adscriberes,</em></span> <span class='ocrx_word' id='word_1_360' title='bbox 1420 2717 1574 2761; x_wconf 74' lang='lat' dir='ltr'><em>yratnm</em></span> 
     </span>
    </p>

    <p class='ocr_par' dir='ltr' id='par_1_6' title="bbox 1293 2778 1355 2810">
     <span class='ocr_line' id='line_1_38' title="bbox 1293 2778 1355 2810; baseline -0.016 0"><span class='ocrx_word' id='word_1_361' title='bbox 1293 2778 1355 2810; x_wconf 55' lang='grc' dir='ltr'><em>13»ὶὲ</em></span> 
     </span>
    </p>
   </div>
  </div>
 </body>
</html>
