<?xml version="1.0" encoding="UTF-8"?>
<!DOCTYPE html PUBLIC "-//W3C//DTD XHTML 1.0 Transitional//EN"
    "http://www.w3.org/TR/xhtml1/DTD/xhtml1-transitional.dtd">
<html xmlns="http://www.w3.org/1999/xhtml" xml:lang="en" lang="en">
 <head>
  <title>
</title>
<meta http-equiv="Content-Type" content="text/html;charset=utf-8" />
  <meta name='ocr-system' content='tesseract 3.04.00' />
  <meta name='ocr-capabilities' content='ocr_page ocr_carea ocr_par ocr_line ocrx_word'/>
</head>
<body>
  <div class='ocr_page' id='page_1' title='image "./deciceronisadatt00lehmuoft_0210.png"; bbox 0 0 1821 3077; ppageno 0'>
   <div class='ocr_carea' id='block_1_1' title="bbox 703 111 1145 151">
    <p class='ocr_par' dir='ltr' id='par_1_1' title="bbox 703 111 1145 151">
     <span class='ocr_line' id='line_1_1' title="bbox 703 111 1145 151; baseline 0.002 -1"><span class='ocrx_word' id='word_1_1' title='bbox 703 111 1145 151; x_wconf 75' lang='lat'>—200——</span> 
     </span>
    </p>
   </div>
   <div class='ocr_carea' id='block_1_2' title="bbox 211 228 1634 2679">
    <p class='ocr_par' dir='ltr' id='par_1_2' title="bbox 211 228 1634 1994">
     <span class='ocr_line' id='line_1_2' title="bbox 328 228 1630 281; baseline 0.002 -14"><span class='ocrx_word' id='word_1_2' title='bbox 328 228 437 275; x_wconf 77' lang='lat' dir='ltr'><strong>Quod</strong></span> <span class='ocrx_word' id='word_1_3' title='bbox 486 228 517 266; x_wconf 90' lang='lat' dir='ltr'><strong>si</strong></span> <span class='ocrx_word' id='word_1_4' title='bbox 564 235 614 267; x_wconf 80' lang='lat' dir='ltr'><strong>est</strong></span> <span class='ocrx_word' id='word_1_5' title='bbox 662 228 731 268; x_wconf 70' lang='lat' dir='ltr'><strong>illa</strong></span> <span class='ocrx_word' id='word_1_6' title='bbox 776 229 925 280; x_wconf 74' lang='lat' dir='ltr'><strong>quidem</strong></span> <span class='ocrx_word' id='word_1_7' title='bbox 970 230 1168 280; x_wconf 79' lang='lat' dir='ltr'><strong>impudens</strong></span> <span class='ocrx_word' id='word_1_8' title='bbox 1208 230 1412 281; x_wconf 73' lang='lat' dir='ltr'><strong>postulatio</strong></span> <span class='ocrx_word' id='word_1_9' title='bbox 1459 233 1630 281; x_wconf 76' lang='lat' dir='ltr'><strong>opinione</strong></span> 
     </span>
     <span class='ocr_line' id='line_1_3' title="bbox 214 296 1629 349; baseline 0.001 -15"><span class='ocrx_word' id='word_1_10' title='bbox 214 298 401 337; x_wconf 75' lang='lat' dir='ltr'><strong>valentior</strong></span> <span class='ocrx_word' id='word_1_11' title='bbox 430 297 469 335; x_wconf 89' lang='lat' dir='ltr'><strong>in</strong></span> <span class='ocrx_word' id='word_1_12' title='bbox 501 297 708 349; x_wconf 72' lang='lat' dir='ltr'><strong>archetypo</strong></span> <span class='ocrx_word' id='word_1_13' title='bbox 746 296 865 336; x_wconf 85' lang='lat' dir='ltr'><strong>fuisse</strong></span> <span class='ocrx_word' id='word_1_14' title='bbox 897 297 975 335; x_wconf 89' lang='lat' dir='ltr'><strong>veri</strong></span> <span class='ocrx_word' id='word_1_15' title='bbox 1009 297 1135 336; x_wconf 88' lang='lat' dir='ltr'><strong>simile</strong></span> <span class='ocrx_word' id='word_1_16' title='bbox 1166 306 1224 336; x_wconf 87' lang='lat' dir='ltr'><strong>est</strong></span> <span class='ocrx_word' id='word_1_17' title='bbox 1266 321 1319 324; x_wconf 97' lang='lat'><strong>—</strong></span> <span class='ocrx_word' id='word_1_18' title='bbox 1360 310 1484 348; x_wconf 84' lang='lat' dir='ltr'><strong>neque</strong></span> <span class='ocrx_word' id='word_1_19' title='bbox 1525 299 1629 336; x_wconf 88' lang='lat' dir='ltr'><strong>enim</strong></span> 
     </span>
     <span class='ocr_line' id='line_1_4' title="bbox 216 365 1629 417; baseline 0.001 -14"><span class='ocrx_word' id='word_1_20' title='bbox 216 365 360 404; x_wconf 82' lang='lat' dir='ltr'><strong>certius</strong></span> <span class='ocrx_word' id='word_1_21' title='bbox 405 365 613 416; x_wconf 78' lang='lat' dir='ltr'><strong>quicquam</strong></span> <span class='ocrx_word' id='word_1_22' title='bbox 654 365 700 403; x_wconf 87' lang='lat' dir='ltr'><strong>de</strong></span> <span class='ocrx_word' id='word_1_23' title='bbox 740 378 784 404; x_wconf 84' lang='lat' dir='ltr'><strong>eo</strong></span> <span class='ocrx_word' id='word_1_24' title='bbox 814 366 899 404; x_wconf 91' lang='lat' dir='ltr'><strong>loco</strong></span> <span class='ocrx_word' id='word_1_25' title='bbox 930 366 1133 404; x_wconf 83' lang='lat' dir='ltr'><strong>adfirmare</strong></span> <span class='ocrx_word' id='word_1_26' title='bbox 1179 367 1380 411; x_wconf 76' lang='lat' dir='ltr'><strong>audemus,</strong></span> <span class='ocrx_word' id='word_1_27' title='bbox 1427 366 1472 404; x_wconf 83' lang='lat' dir='ltr'><strong>ad</strong></span> <span class='ocrx_word' id='word_1_28' title='bbox 1513 379 1629 417; x_wconf 88' lang='lat' dir='ltr'><strong>quem</strong></span> 
     </span>
     <span class='ocr_line' id='line_1_5' title="bbox 214 433 1630 486; baseline 0.001 -14"><span class='ocrx_word' id='word_1_29' title='bbox 214 434 497 473; x_wconf 87' lang='lat' dir='ltr'><strong>recensendum</strong></span> <span class='ocrx_word' id='word_1_30' title='bbox 520 433 551 472; x_wconf 89' lang='lat' dir='ltr'>Y</span> <span class='ocrx_word' id='word_1_31' title='bbox 573 433 745 473; x_wconf 82' lang='lat' dir='ltr'><strong>adhiberi</strong></span> <span class='ocrx_word' id='word_1_32' title='bbox 778 447 856 473; x_wconf 92' lang='lat' dir='ltr'><strong>non</strong></span> <span class='ocrx_word' id='word_1_33' title='bbox 889 440 1018 486; x_wconf 89' lang='lat' dir='ltr'><strong>potest</strong></span> <span class='ocrx_word' id='word_1_34' title='bbox 1049 457 1114 481; x_wconf 84' lang='lat'><strong>——‚</strong></span> <span class='ocrx_word' id='word_1_35' title='bbox 1147 434 1238 485; x_wconf 91' lang='lat' dir='ltr'><strong>quid</strong></span> <span class='ocrx_word' id='word_1_36' title='bbox 1271 435 1317 473; x_wconf 90' lang='lat' dir='ltr'><strong>de</strong></span> <span class='ocrx_word' id='word_1_37' title='bbox 1339 434 1413 473; x_wconf 88' lang='lat' dir='ltr'><strong>illis</strong></span> <span class='ocrx_word' id='word_1_38' title='bbox 1435 435 1630 474; x_wconf 89' lang='lat' dir='ltr'><strong>vocabulis</strong></span> 
     </span>
     <span class='ocr_line' id='line_1_6' title="bbox 216 502 1630 555; baseline 0.001 -14"><span class='ocrx_word' id='word_1_39' title='bbox 216 503 435 541; x_wconf 73' lang='lat' dir='ltr'><strong>faciendum</strong></span> <span class='ocrx_word' id='word_1_40' title='bbox 468 503 518 541; x_wconf 88' lang='lat' dir='ltr'><strong>sit</strong></span> <span class='ocrx_word' id='word_1_41' title='bbox 548 503 769 553; x_wconf 84' lang='lat' dir='ltr'><strong>quaeritur;</strong></span> <span class='ocrx_word' id='word_1_42' title='bbox 799 515 889 541; x_wconf 84' lang='lat' dir='ltr'><strong>nam</strong></span> <span class='ocrx_word' id='word_1_43' title='bbox 922 502 1066 554; x_wconf 83' lang='lat' dir='ltr'><strong>aliquid</strong></span> <span class='ocrx_word' id='word_1_44' title='bbox 1090 502 1319 541; x_wconf 84' lang='lat' dir='ltr'><strong>mutandum</strong></span> <span class='ocrx_word' id='word_1_45' title='bbox 1344 515 1430 542; x_wconf 90' lang='lat' dir='ltr'><strong>esse</strong></span> <span class='ocrx_word' id='word_1_46' title='bbox 1460 510 1630 555; x_wconf 87' lang='lat' dir='ltr'><strong>apparet.</strong></span> 
     </span>
     <span class='ocr_line' id='line_1_7' title="bbox 216 569 1632 624; baseline 0.001 -14"><span class='ocrx_word' id='word_1_47' title='bbox 216 570 349 622; x_wconf 84' lang='lat' dir='ltr'><strong>Itaque</strong></span> <span class='ocrx_word' id='word_1_48' title='bbox 401 570 701 621; x_wconf 86' lang='lat' dir='ltr'><strong>Wesenbergius</strong></span> <span class='ocrx_word' id='word_1_49' title='bbox 746 572 946 623; x_wconf 77' lang='lat' dir='ltr'><strong>impudens</strong></span> <span class='ocrx_word' id='word_1_50' title='bbox 992 571 1194 623; x_wconf 77' lang='lat' dir='ltr'><strong>postulatio</strong></span> <span class='ocrx_word' id='word_1_51' title='bbox 1247 569 1411 624; x_wconf 80' lang='lat' dir='ltr'><strong>&lt;atque&gt;</strong></span> <span class='ocrx_word' id='word_1_52' title='bbox 1460 575 1632 622; x_wconf 69' lang='lat' dir='ltr'><strong>opinione</strong></span> 
     </span>
     <span class='ocr_line' id='line_1_8' title="bbox 214 638 1632 691; baseline 0.001 -14"><span class='ocrx_word' id='word_1_53' title='bbox 214 638 402 678; x_wconf 76' lang='lat' dir='ltr'><strong>valentior</strong></span> <span class='ocrx_word' id='word_1_54' title='bbox 460 639 700 690; x_wconf 80' lang='lat' dir='ltr'><strong>excogitavit.</strong></span> <span class='ocrx_word' id='word_1_55' title='bbox 776 640 817 678; x_wconf 89' lang='lat' dir='ltr'><strong>In</strong></span> <span class='ocrx_word' id='word_1_56' title='bbox 877 640 1020 690; x_wconf 87' lang='lat' dir='ltr'><strong>quibus</strong></span> <span class='ocrx_word' id='word_1_57' title='bbox 1069 639 1196 678; x_wconf 82' lang='lat' dir='ltr'><strong>verbis</strong></span> <span class='ocrx_word' id='word_1_58' title='bbox 1247 639 1418 691; x_wconf 84' lang='lat' dir='ltr'><strong>primum</strong></span> <span class='ocrx_word' id='word_1_59' title='bbox 1472 640 1632 680; x_wconf 78' lang='lat' dir='ltr'><strong>offendit</strong></span> 
     </span>
     <span class='ocr_line' id='line_1_9' title="bbox 211 707 1631 759; baseline 0.002 -13"><span class='ocrx_word' id='word_1_60' title='bbox 211 707 415 759; x_wconf 74' lang='lat' dir='ltr'><strong>postulatio</strong></span> <span class='ocrx_word' id='word_1_61' title='bbox 447 710 618 759; x_wconf 75' lang='lat' dir='ltr'><strong>opinione</strong></span> <span class='ocrx_word' id='word_1_62' title='bbox 648 709 853 755; x_wconf 76' lang='lat' dir='ltr'><strong>valent2’0r3</strong></span> <span class='ocrx_word' id='word_1_63' title='bbox 898 708 985 759; x_wconf 89' lang='lat' dir='ltr'><strong>quis</strong></span> <span class='ocrx_word' id='word_1_64' title='bbox 1023 708 1126 747; x_wconf 87' lang='lat' dir='ltr'><strong>enim</strong></span> <span class='ocrx_word' id='word_1_65' title='bbox 1165 721 1351 759; x_wconf 85' lang='lat' dir='ltr'><strong>umquam</strong></span> <span class='ocrx_word' id='word_1_66' title='bbox 1393 708 1448 746; x_wconf 87' lang='lat' dir='ltr'><strong>sic</strong></span> <span class='ocrx_word' id='word_1_67' title='bbox 1478 708 1631 748; x_wconf 83' lang='lat' dir='ltr'><strong>locutus</strong></span> 
     </span>
     <span class='ocr_line' id='line_1_10' title="bbox 215 775 1631 829; baseline 0.002 -16"><span class='ocrx_word' id='word_1_68' title='bbox 215 781 291 814; x_wconf 87' lang='lat' dir='ltr'><strong>est:</strong></span> <span class='ocrx_word' id='word_1_69' title='bbox 345 775 458 814; x_wconf 77' lang='lat' dir='ltr'><strong>‘Haec</strong></span> <span class='ocrx_word' id='word_1_70' title='bbox 498 775 705 828; x_wconf 82' lang='lat' dir='ltr'><strong>postulatio</strong></span> <span class='ocrx_word' id='word_1_71' title='bbox 751 781 810 815; x_wconf 85' lang='lat' dir='ltr'><strong>est</strong></span> <span class='ocrx_word' id='word_1_72' title='bbox 855 776 1036 828; x_wconf 89' lang='lat' dir='ltr'><strong>opinione</strong></span> <span class='ocrx_word' id='word_1_73' title='bbox 1071 776 1270 816; x_wconf 85' lang='lat' dir='ltr'><strong>valentior&#39;</strong></span> <span class='ocrx_word' id='word_1_74' title='bbox 1306 789 1394 829; x_wconf 90' lang='lat' dir='ltr'><strong>pro:</strong></span> <span class='ocrx_word' id='word_1_75' title='bbox 1443 777 1631 829; x_wconf 79' lang='lat' dir='ltr'>‘Amplius</span> 
     </span>
     <span class='ocr_line' id='line_1_11' title="bbox 216 843 1632 897; baseline 0.001 -14"><span class='ocrx_word' id='word_1_76' title='bbox 216 846 436 896; x_wconf 85' lang='lat' dir='ltr'><strong>postulatur</strong></span> <span class='ocrx_word' id='word_1_77' title='bbox 466 858 583 897; x_wconf 86' lang='lat' dir='ltr'><strong>quam</strong></span> <span class='ocrx_word' id='word_1_78' title='bbox 616 846 822 897; x_wconf 84' lang='lat' dir='ltr'><strong>quisquam</strong></span> <span class='ocrx_word' id='word_1_79' title='bbox 854 843 1008 897; x_wconf 75' lang='lat' dir='ltr'><strong>putet&#39;?</strong></span> <span class='ocrx_word' id='word_1_80' title='bbox 1055 845 1258 884; x_wconf 84' lang='lat' dir='ltr'><strong>Praeterea</strong></span> <span class='ocrx_word' id='word_1_81' title='bbox 1289 853 1415 885; x_wconf 81' lang='lat' dir='ltr'><strong>autem</strong></span> <span class='ocrx_word' id='word_1_82' title='bbox 1445 852 1532 897; x_wconf 87' lang='lat' dir='ltr'><strong>post</strong></span> <span class='ocrx_word' id='word_1_83' title='bbox 1562 858 1632 885; x_wconf 80' lang='lat' dir='ltr'><strong>cur</strong></span> 
     </span>
     <span class='ocr_line' id='line_1_12' title="bbox 215 914 1629 966; baseline 0.001 -14"><span class='ocrx_word' id='word_1_84' title='bbox 215 914 448 965; x_wconf 77' lang='lat' dir='ltr'>displiceret,</span> <span class='ocrx_word' id='word_1_85' title='bbox 496 914 527 953; x_wconf 91' lang='lat' dir='ltr'><strong>si</strong></span> <span class='ocrx_word' id='word_1_86' title='bbox 574 914 837 965; x_wconf 83' lang='lat' dir='ltr'><strong>Wesenbergii</strong></span> <span class='ocrx_word' id='word_1_87' title='bbox 883 915 1146 953; x_wconf 86' lang='lat' dir='ltr'><strong>coniecturam</strong></span> <span class='ocrx_word' id='word_1_88' title='bbox 1194 914 1470 966; x_wconf 79' lang='lat' dir='ltr'><strong>reciperemus.</strong></span> <span class='ocrx_word' id='word_1_89' title='bbox 1532 914 1629 953; x_wconf 83' lang='lat' dir='ltr'><strong>Nam</strong></span> 
     </span>
     <span class='ocr_line' id='line_1_13' title="bbox 215 982 1633 1035; baseline 0.001 -14"><span class='ocrx_word' id='word_1_90' title='bbox 215 983 308 1021; x_wconf 85' lang='lat' dir='ltr'><strong>haec</strong></span> <span class='ocrx_word' id='word_1_91' title='bbox 341 982 473 1022; x_wconf 90' lang='lat' dir='ltr'><strong>Cicero</strong></span> <span class='ocrx_word' id='word_1_92' title='bbox 506 983 689 1035; x_wconf 79' lang='lat' dir='ltr'><strong>disputat,</strong></span> <span class='ocrx_word' id='word_1_93' title='bbox 738 989 870 1022; x_wconf 87' lang='lat' dir='ltr'><strong>utrum</strong></span> <span class='ocrx_word' id='word_1_94' title='bbox 918 983 1070 1022; x_wconf 79' lang='lat' dir='ltr'><strong>Caesari</strong></span> <span class='ocrx_word' id='word_1_95' title='bbox 1117 996 1158 1022; x_wconf 83' lang='lat' dir='ltr'><strong>ea</strong></span> <span class='ocrx_word' id='word_1_96' title='bbox 1196 996 1294 1035; x_wconf 87' lang='lat' dir='ltr'><strong>quae</strong></span> <span class='ocrx_word' id='word_1_97' title='bbox 1332 983 1502 1035; x_wconf 76' lang='lat' dir='ltr'><strong>postulet</strong></span> <span class='ocrx_word' id='word_1_98' title='bbox 1538 995 1633 1022; x_wconf 92' lang='lat' dir='ltr'><strong>con-</strong></span> 
     </span>
     <span class='ocr_line' id='line_1_14' title="bbox 216 1051 1631 1104; baseline 0 -14"><span class='ocrx_word' id='word_1_99' title='bbox 216 1051 384 1090; x_wconf 85' lang='lat' dir='ltr'><strong>cedenda</strong></span> <span class='ocrx_word' id='word_1_100' title='bbox 416 1064 500 1091; x_wconf 87' lang='lat' dir='ltr'><strong>esse</strong></span> <span class='ocrx_word' id='word_1_101' title='bbox 532 1052 734 1092; x_wconf 84' lang='lat' dir='ltr'><strong>videantur</strong></span> <span class='ocrx_word' id='word_1_102' title='bbox 765 1065 812 1091; x_wconf 82' lang='lat' dir='ltr'><strong>an</strong></span> <span class='ocrx_word' id='word_1_103' title='bbox 846 1065 934 1091; x_wconf 90' lang='lat' dir='ltr'><strong>cum</strong></span> <span class='ocrx_word' id='word_1_104' title='bbox 968 1065 1012 1091; x_wconf 88' lang='lat' dir='ltr'><strong>eo</strong></span> <span class='ocrx_word' id='word_1_105' title='bbox 1043 1052 1309 1104; x_wconf 82' lang='lat' dir='ltr'><strong>pugnandum.</strong></span> <span class='ocrx_word' id='word_1_106' title='bbox 1370 1051 1631 1090; x_wconf 88' lang='lat' dir='ltr'><strong>Posteriorem</strong></span> 
     </span>
     <span class='ocr_line' id='line_1_15' title="bbox 216 1120 1633 1172; baseline 0.001 -14"><span class='ocrx_word' id='word_1_107' title='bbox 216 1132 312 1166; x_wconf 87' lang='lat' dir='ltr'><strong>rem,</strong></span> <span class='ocrx_word' id='word_1_108' title='bbox 350 1120 382 1159; x_wconf 91' lang='lat' dir='ltr'><strong>si</strong></span> <span class='ocrx_word' id='word_1_109' title='bbox 414 1120 733 1172; x_wconf 84' lang='lat' dir='ltr'><strong>Wesenbergium</strong></span> <span class='ocrx_word' id='word_1_110' title='bbox 768 1133 1033 1172; x_wconf 81' lang='lat' dir='ltr'><strong>sequeremur,</strong></span> <span class='ocrx_word' id='word_1_111' title='bbox 1076 1122 1149 1160; x_wconf 88' lang='lat' dir='ltr'><strong>hoc</strong></span> <span class='ocrx_word' id='word_1_112' title='bbox 1189 1122 1304 1160; x_wconf 90' lang='lat' dir='ltr'><strong>modo</strong></span> <span class='ocrx_word' id='word_1_113' title='bbox 1345 1121 1540 1160; x_wconf 83' lang='lat' dir='ltr'><strong>suaderet:</strong></span> <span class='ocrx_word' id='word_1_114' title='bbox 1582 1127 1633 1160; x_wconf 77' lang='lat' dir='ltr'><strong>est</strong></span> 
     </span>
     <span class='ocr_line' id='line_1_16' title="bbox 219 1189 1632 1243; baseline 0.001 -16"><span class='ocrx_word' id='word_1_115' title='bbox 219 1189 287 1228; x_wconf 69' lang='lat' dir='ltr'><strong>illa</strong></span> <span class='ocrx_word' id='word_1_116' title='bbox 334 1190 482 1240; x_wconf 77' lang='lat' dir='ltr'><strong>quidem</strong></span> <span class='ocrx_word' id='word_1_117' title='bbox 526 1190 725 1240; x_wconf 66' lang='lat' dir='ltr'><strong>impudens</strong></span> <span class='ocrx_word' id='word_1_118' title='bbox 765 1191 967 1242; x_wconf 74' lang='lat' dir='ltr'><strong>postulatio</strong></span> <span class='ocrx_word' id='word_1_119' title='bbox 1001 1189 1165 1243; x_wconf 77' lang='lat' dir='ltr'><strong>&lt;atque&gt;</strong></span> <span class='ocrx_word' id='word_1_120' title='bbox 1213 1193 1384 1242; x_wconf 74' lang='lat' dir='ltr'><strong>opinione</strong></span> <span class='ocrx_word' id='word_1_121' title='bbox 1428 1189 1632 1237; x_wconf 75' lang='lat' dir='ltr'><strong>valentz&#39;or3</strong></span> 
     </span>
     <span class='ocr_line' id='line_1_17' title="bbox 215 1257 1632 1310; baseline 0.002 -15"><span class='ocrx_word' id='word_1_122' title='bbox 215 1257 407 1309; x_wconf 86' lang='lat' dir='ltr'><strong>priorem:</strong></span> <span class='ocrx_word' id='word_1_123' title='bbox 441 1270 509 1297; x_wconf 81' lang='lat' dir='ltr'><strong>cur</strong></span> <span class='ocrx_word' id='word_1_124' title='bbox 540 1265 665 1297; x_wconf 59' lang='lat' dir='ltr'><strong>autem,</strong></span> <span class='ocrx_word' id='word_1_125' title='bbox 694 1271 796 1297; x_wconf 78' lang='lat' dir='ltr'><strong>nunc</strong></span> <span class='ocrx_word' id='word_1_126' title='bbox 822 1261 991 1310; x_wconf 76' lang='lat' dir='ltr'><strong>primum</strong></span> <span class='ocrx_word' id='word_1_127' title='bbox 1023 1261 1057 1298; x_wconf 80' lang='lat' dir='ltr'><strong>ei</strong></span> <span class='ocrx_word' id='word_1_128' title='bbox 1084 1262 1313 1299; x_wconf 68' lang='lat' dir='ltr'><strong>resistams.</strong></span> <span class='ocrx_word' id='word_1_129' title='bbox 1366 1258 1461 1298; x_wconf 90' lang='lat' dir='ltr'><strong>lllud</strong></span> <span class='ocrx_word' id='word_1_130' title='bbox 1494 1265 1632 1305; x_wconf 81' lang='lat' dir='ltr'><strong>autem,</strong></span> 
     </span>
     <span class='ocr_line' id='line_1_18' title="bbox 217 1325 1632 1379; baseline 0.001 -15"><span class='ocrx_word' id='word_1_131' title='bbox 217 1337 314 1376; x_wconf 87' lang='lat' dir='ltr'><strong>quae</strong></span> <span class='ocrx_word' id='word_1_132' title='bbox 351 1325 536 1377; x_wconf 85' lang='lat' dir='ltr'><strong>particula</strong></span> <span class='ocrx_word' id='word_1_133' title='bbox 580 1339 684 1365; x_wconf 90' lang='lat' dir='ltr'><strong>nunc</strong></span> <span class='ocrx_word' id='word_1_134' title='bbox 722 1327 767 1365; x_wconf 83' lang='lat' dir='ltr'><strong>ad</strong></span> <span class='ocrx_word' id='word_1_135' title='bbox 806 1328 952 1379; x_wconf 71' lang='lat' dir='ltr'><strong>quidem</strong></span> <span class='ocrx_word' id='word_1_136' title='bbox 988 1327 1156 1379; x_wconf 83' lang='lat' dir='ltr'><strong>respicit,</strong></span> <span class='ocrx_word' id='word_1_137' title='bbox 1201 1340 1219 1366; x_wconf 87' lang='lat' dir='ltr'><strong>a</strong></span> <span class='ocrx_word' id='word_1_138' title='bbox 1259 1327 1456 1366; x_wconf 78' lang='lat' dir='ltr'><strong>Ciceronis</strong></span> <span class='ocrx_word' id='word_1_139' title='bbox 1495 1339 1632 1377; x_wconf 80' lang='lat' dir='ltr'><strong>genere</strong></span> 
     </span>
     <span class='ocr_line' id='line_1_19' title="bbox 217 1394 1628 1447; baseline 0.001 -15"><span class='ocrx_word' id='word_1_140' title='bbox 217 1394 368 1432; x_wconf 73' lang='lat' dir='ltr'><strong>(licendi</strong></span> <span class='ocrx_word' id='word_1_141' title='bbox 400 1394 609 1434; x_wconf 76' lang='lat' dir='ltr'><strong>abliorrere</strong></span> <span class='ocrx_word' id='word_1_142' title='bbox 641 1402 757 1447; x_wconf 78' lang='lat' dir='ltr'><strong>puto;</strong></span> <span class='ocrx_word' id='word_1_143' title='bbox 788 1395 875 1446; x_wconf 89' lang='lat' dir='ltr'><strong>quis</strong></span> <span class='ocrx_word' id='word_1_144' title='bbox 907 1395 1009 1434; x_wconf 86' lang='lat' dir='ltr'><strong>enim</strong></span> <span class='ocrx_word' id='word_1_145' title='bbox 1046 1395 1083 1433; x_wconf 86' lang='lat' dir='ltr'><strong>in</strong></span> <span class='ocrx_word' id='word_1_146' title='bbox 1114 1395 1211 1433; x_wconf 89' lang='lat' dir='ltr'><strong>Phil.</strong></span> <span class='ocrx_word' id='word_1_147' title='bbox 1236 1408 1290 1433; x_wconf 91' lang='lat' dir='ltr'><strong>or.</strong></span> <span class='ocrx_word' id='word_1_148' title='bbox 1315 1395 1364 1434; x_wconf 83' lang='lat' dir='ltr'><strong>XI</strong></span> <span class='ocrx_word' id='word_1_149' title='bbox 1387 1394 1479 1443; x_wconf 74' lang='lat'><strong>§32</strong></span> <span class='ocrx_word' id='word_1_150' title='bbox 1512 1402 1563 1435; x_wconf 83' lang='lat' dir='ltr'><strong>est</strong></span> <span class='ocrx_word' id='word_1_151' title='bbox 1586 1395 1628 1442; x_wconf 90' lang='lat' dir='ltr'><strong>Q.</strong></span> 
     </span>
     <span class='ocr_line' id='line_1_20' title="bbox 218 1461 1631 1516; baseline 0.001 -16"><span class='ocrx_word' id='word_1_152' title='bbox 218 1461 369 1501; x_wconf 71' lang='lat' dir='ltr'><strong>Caecilii</strong></span> <span class='ocrx_word' id='word_1_153' title='bbox 396 1462 516 1509; x_wconf 75' lang='lat' dir='ltr'><strong>Bassi,</strong></span> <span class='ocrx_word' id='word_1_154' title='bbox 542 1465 686 1514; x_wconf 69' lang='lat' dir='ltr'><strong>privati</strong></span> <span class='ocrx_word' id='word_1_155' title='bbox 715 1463 819 1503; x_wconf 68' lang='lat' dir='ltr'><strong>illius</strong></span> <span class='ocrx_word' id='word_1_156' title='bbox 851 1464 1013 1516; x_wconf 78' lang='lat' dir='ltr'><strong>quidem,</strong></span> <span class='ocrx_word' id='word_1_157' title='bbox 1045 1464 1109 1503; x_wconf 76' lang='lat' dir='ltr'><strong>sed</strong></span> <span class='ocrx_word' id='word_1_158' title='bbox 1138 1465 1250 1514; x_wconf 72' lang='lat' dir='ltr'><strong>sortis</strong></span> <span class='ocrx_word' id='word_1_159' title='bbox 1280 1471 1316 1502; x_wconf 82' lang='lat' dir='ltr'><strong>et</strong></span> <span class='ocrx_word' id='word_1_160' title='bbox 1334 1464 1529 1514; x_wconf 78' lang='lat' dir='ltr'><strong>praeclari</strong></span> <span class='ocrx_word' id='word_1_161' title='bbox 1546 1466 1631 1510; x_wconf 77' lang='lat' dir='ltr'><strong>viri,</strong></span> 
     </span>
     <span class='ocr_line' id='line_1_21' title="bbox 215 1531 1634 1584; baseline 0.002 -15"><span class='ocrx_word' id='word_1_162' title='bbox 215 1531 390 1570; x_wconf 77' lang='lat' dir='ltr'><strong>robustus</strong></span> <span class='ocrx_word' id='word_1_163' title='bbox 421 1538 452 1570; x_wconf 78' lang='lat' dir='ltr'><strong>et</strong></span> <span class='ocrx_word' id='word_1_164' title='bbox 482 1534 601 1570; x_wconf 74' lang='lat' dir='ltr'><strong>victor</strong></span> <span class='ocrx_word' id='word_1_165' title='bbox 638 1534 825 1571; x_wconf 71' lang='lat' dir='ltr'><strong>accercitus</strong></span> <span class='ocrx_word' id='word_1_166' title='bbox 862 1544 933 1583; x_wconf 91' lang='lat' dir='ltr'><strong>pro</strong></span> <span class='ocrx_word' id='word_1_167' title='bbox 971 1533 1034 1570; x_wconf 78' lang='lat' dir='ltr'><strong>sed</strong></span> <span class='ocrx_word' id='word_1_168' title='bbox 1068 1533 1182 1583; x_wconf 70' lang='lat' dir='ltr'><strong>fortis</strong></span> <span class='ocrx_word' id='word_1_169' title='bbox 1219 1532 1333 1570; x_wconf 86' lang='lat' dir='ltr'><strong>scribi</strong></span> <span class='ocrx_word' id='word_1_170' title='bbox 1373 1545 1488 1584; x_wconf 86' lang='lat' dir='ltr'><strong>posse</strong></span> <span class='ocrx_word' id='word_1_171' title='bbox 1522 1533 1634 1584; x_wconf 73' lang='lat' dir='ltr'><strong>fortis</strong></span> 
     </span>
     <span class='ocr_line' id='line_1_22' title="bbox 217 1597 1634 1652; baseline 0.001 -15"><span class='ocrx_word' id='word_1_172' title='bbox 217 1606 342 1638; x_wconf 63' lang='lat' dir='ltr'><strong>anetem</strong></span> <span class='ocrx_word' id='word_1_173' title='bbox 374 1597 532 1639; x_wconf 68' lang='lat' dir='ltr'><strong>credat?</strong></span> <span class='ocrx_word' id='word_1_174' title='bbox 577 1600 822 1651; x_wconf 84' lang='lat' dir='ltr'><strong>Quamquam</strong></span> <span class='ocrx_word' id='word_1_175' title='bbox 855 1607 893 1639; x_wconf 89' lang='lat' dir='ltr'><strong>et</strong></span> <span class='ocrx_word' id='word_1_176' title='bbox 923 1601 1120 1651; x_wconf 81' lang='lat' dir='ltr'><strong>cognitum</strong></span> <span class='ocrx_word' id='word_1_177' title='bbox 1155 1600 1357 1647; x_wconf 83' lang='lat' dir='ltr'><strong>habemus,</strong></span> <span class='ocrx_word' id='word_1_178' title='bbox 1403 1601 1547 1652; x_wconf 75' lang='lat' dir='ltr'><strong>quidem</strong></span> <span class='ocrx_word' id='word_1_179' title='bbox 1579 1623 1634 1628; x_wconf 86' lang='lat'><strong>-—</strong></span> 
     </span>
     <span class='ocr_line' id='line_1_23' title="bbox 217 1667 1632 1721; baseline 0.002 -15"><span class='ocrx_word' id='word_1_180' title='bbox 217 1675 343 1707; x_wconf 80' lang='lat' dir='ltr'><strong>autem</strong></span> <span class='ocrx_word' id='word_1_181' title='bbox 388 1681 407 1706; x_wconf 89' lang='lat' dir='ltr'><strong>a</strong></span> <span class='ocrx_word' id='word_1_182' title='bbox 454 1667 638 1707; x_wconf 89' lang='lat' dir='ltr'><strong>Cicerone</strong></span> <span class='ocrx_word' id='word_1_183' title='bbox 685 1668 818 1708; x_wconf 89' lang='lat' dir='ltr'><strong>multis</strong></span> <span class='ocrx_word' id='word_1_184' title='bbox 869 1669 961 1709; x_wconf 91' lang='lat' dir='ltr'><strong>locis</strong></span> <span class='ocrx_word' id='word_1_185' title='bbox 1006 1668 1098 1721; x_wconf 90' lang='lat' dir='ltr'><strong>poni</strong></span> <span class='ocrx_word' id='word_1_186' title='bbox 1149 1675 1186 1707; x_wconf 86' lang='lat' dir='ltr'><strong>ct</strong></span> <span class='ocrx_word' id='word_1_187' title='bbox 1233 1668 1465 1720; x_wconf 70' lang='lat' dir='ltr'><strong>Seyss&#39;ertum</strong></span> <span class='ocrx_word' id='word_1_188' title='bbox 1517 1676 1632 1721; x_wconf 89' lang='lat' dir='ltr'><strong>atque</strong></span> 
     </span>
     <span class='ocr_line' id='line_1_24' title="bbox 218 1737 1631 1790; baseline 0.001 -15"><span class='ocrx_word' id='word_1_189' title='bbox 218 1737 446 1775; x_wconf 86' lang='lat' dir='ltr'><strong>Muellerum</strong></span> <span class='ocrx_word' id='word_1_190' title='bbox 490 1737 601 1776; x_wconf 86' lang='lat' dir='ltr'><strong>docte</strong></span> <span class='ocrx_word' id='word_1_191' title='bbox 639 1737 686 1776; x_wconf 87' lang='lat' dir='ltr'><strong>de</strong></span> <span class='ocrx_word' id='word_1_192' title='bbox 728 1737 868 1776; x_wconf 84' lang='lat' dir='ltr'><strong>talibus</strong></span> <span class='ocrx_word' id='word_1_193' title='bbox 900 1737 992 1777; x_wconf 89' lang='lat' dir='ltr'><strong>locis</strong></span> <span class='ocrx_word' id='word_1_194' title='bbox 1024 1737 1061 1776; x_wconf 93' lang='lat' dir='ltr'><strong>in</strong></span> <span class='ocrx_word' id='word_1_195' title='bbox 1095 1737 1195 1776; x_wconf 88' lang='lat' dir='ltr'><strong>Lael.</strong></span> <span class='ocrx_word' id='word_1_196' title='bbox 1229 1737 1288 1776; x_wconf 89' lang='lat' dir='ltr'><strong>ed.</strong></span> <span class='ocrx_word' id='word_1_197' title='bbox 1320 1738 1351 1776; x_wconf 94' lang='lat' dir='ltr'><strong>ll</strong></span> <span class='ocrx_word' id='word_1_198' title='bbox 1383 1751 1419 1790; x_wconf 88' lang='lat' dir='ltr'><strong>p.</strong></span> <span class='ocrx_word' id='word_1_199' title='bbox 1453 1738 1504 1777; x_wconf 86' lang='lat'><strong>37</strong></span> <span class='ocrx_word' id='word_1_200' title='bbox 1551 1738 1631 1777; x_wconf 78' lang='lat' dir='ltr'><strong>(lis-</strong></span> 
     </span>
     <span class='ocr_line' id='line_1_25' title="bbox 217 1805 1634 1859; baseline 0.001 -15"><span class='ocrx_word' id='word_1_201' title='bbox 217 1812 378 1856; x_wconf 82' lang='lat' dir='ltr'><strong>putare:</strong></span> <span class='ocrx_word' id='word_1_202' title='bbox 425 1805 500 1844; x_wconf 91' lang='lat' dir='ltr'><strong>hoc</strong></span> <span class='ocrx_word' id='word_1_203' title='bbox 544 1817 634 1844; x_wconf 88' lang='lat' dir='ltr'><strong>vero</strong></span> <span class='ocrx_word' id='word_1_204' title='bbox 671 1805 770 1851; x_wconf 89' lang='lat' dir='ltr'><strong>loco,</strong></span> <span class='ocrx_word' id='word_1_205' title='bbox 815 1819 892 1857; x_wconf 91' lang='lat' dir='ltr'><strong>quo</strong></span> <span class='ocrx_word' id='word_1_206' title='bbox 934 1806 1149 1858; x_wconf 86' lang='lat' dir='ltr'><strong>posteriore</strong></span> <span class='ocrx_word' id='word_1_207' title='bbox 1199 1806 1389 1845; x_wconf 83' lang='lat' dir='ltr'><strong>sententia</strong></span> <span class='ocrx_word' id='word_1_208' title='bbox 1436 1807 1634 1859; x_wconf 86' lang='lat' dir='ltr'><strong>probatur,</strong></span> 
     </span>
     <span class='ocr_line' id='line_1_26' title="bbox 218 1873 1633 1926; baseline 0.001 -14"><span class='ocrx_word' id='word_1_209' title='bbox 218 1874 370 1912; x_wconf 83' lang='lat' dir='ltr'><strong>Caesari</strong></span> <span class='ocrx_word' id='word_1_210' title='bbox 402 1873 617 1913; x_wconf 86' lang='lat' dir='ltr'><strong>cedendum</strong></span> <span class='ocrx_word' id='word_1_211' title='bbox 651 1880 767 1925; x_wconf 87' lang='lat' dir='ltr'><strong>atque</strong></span> <span class='ocrx_word' id='word_1_212' title='bbox 797 1874 968 1926; x_wconf 87' lang='lat' dir='ltr'><strong>priorem</strong></span> <span class='ocrx_word' id='word_1_213' title='bbox 1008 1874 1240 1914; x_wconf 84' lang='lat' dir='ltr'><strong>sententiam</strong></span> <span class='ocrx_word' id='word_1_214' title='bbox 1270 1874 1503 1914; x_wconf 87' lang='lat' dir='ltr'><strong>reiciendam</strong></span> <span class='ocrx_word' id='word_1_215' title='bbox 1536 1888 1633 1922; x_wconf 85' lang='lat' dir='ltr'><strong>esse,</strong></span> 
     </span>
     <span class='ocr_line' id='line_1_27' title="bbox 217 1942 953 1994; baseline 0.001 -14"><span class='ocrx_word' id='word_1_216' title='bbox 217 1949 343 1982; x_wconf 78' lang='lat' dir='ltr'><strong>antem</strong></span> <span class='ocrx_word' id='word_1_217' title='bbox 372 1942 465 1981; x_wconf 82' lang='lat' dir='ltr'><strong>ferri</strong></span> <span class='ocrx_word' id='word_1_218' title='bbox 496 1955 612 1994; x_wconf 90' lang='lat' dir='ltr'><strong>posse</strong></span> <span class='ocrx_word' id='word_1_219' title='bbox 643 1954 722 1981; x_wconf 89' lang='lat' dir='ltr'><strong>non</strong></span> <span class='ocrx_word' id='word_1_220' title='bbox 754 1948 953 1994; x_wconf 84' lang='lat' dir='ltr'><strong>putamus.</strong></span> 
     </span>
    </p>

    <p class='ocr_par' dir='ltr' id='par_1_3' title="bbox 217 2010 1634 2679">
     <span class='ocr_line' id='line_1_28' title="bbox 332 2010 1634 2062; baseline 0.002 -14"><span class='ocrx_word' id='word_1_221' title='bbox 332 2010 409 2048; x_wconf 84' lang='lat' dir='ltr'><strong>lam</strong></span> <span class='ocrx_word' id='word_1_222' title='bbox 442 2023 513 2049; x_wconf 90' lang='lat' dir='ltr'><strong>nos</strong></span> <span class='ocrx_word' id='word_1_223' title='bbox 543 2010 745 2057; x_wconf 84' lang='lat' dir='ltr'><strong>audemus,</strong></span> <span class='ocrx_word' id='word_1_224' title='bbox 791 2024 868 2062; x_wconf 89' lang='lat' dir='ltr'><strong>quo</strong></span> <span class='ocrx_word' id='word_1_225' title='bbox 907 2011 1021 2050; x_wconf 86' lang='lat' dir='ltr'><strong>modo</strong></span> <span class='ocrx_word' id='word_1_226' title='bbox 1053 2010 1244 2050; x_wconf 83' lang='lat' dir='ltr'><strong>sententia</strong></span> <span class='ocrx_word' id='word_1_227' title='bbox 1274 2010 1513 2050; x_wconf 78' lang='lat' dir='ltr'><strong>restituenda</strong></span> <span class='ocrx_word' id='word_1_228' title='bbox 1549 2024 1634 2050; x_wconf 86' lang='lat' dir='ltr'><strong>esse</strong></span> 
     </span>
     <span class='ocr_line' id='line_1_29' title="bbox 218 2078 1634 2132; baseline 0.002 -16"><span class='ocrx_word' id='word_1_229' title='bbox 218 2079 404 2125; x_wconf 77' lang='lat' dir='ltr'><strong>videatur,</strong></span> <span class='ocrx_word' id='word_1_230' title='bbox 437 2091 642 2130; x_wconf 86' lang='lat' dir='ltr'><strong>exponere.</strong></span> <span class='ocrx_word' id='word_1_231' title='bbox 702 2078 947 2130; x_wconf 85' lang='lat' dir='ltr'><strong>Negavimus,</strong></span> <span class='ocrx_word' id='word_1_232' title='bbox 995 2081 1166 2130; x_wconf 75' lang='lat' dir='ltr'><strong>opinione</strong></span> <span class='ocrx_word' id='word_1_233' title='bbox 1211 2079 1402 2119; x_wconf 76' lang='lat' dir='ltr'><strong>valentior</strong></span> <span class='ocrx_word' id='word_1_234' title='bbox 1441 2080 1634 2132; x_wconf 85' lang='lat' dir='ltr'><strong>respicere</strong></span> 
     </span>
     <span class='ocr_line' id='line_1_30' title="bbox 220 2145 1632 2199; baseline 0.002 -14"><span class='ocrx_word' id='word_1_235' title='bbox 220 2160 335 2199; x_wconf 87' lang='lat' dir='ltr'><strong>posse</strong></span> <span class='ocrx_word' id='word_1_236' title='bbox 353 2147 399 2186; x_wconf 88' lang='lat' dir='ltr'><strong>ad</strong></span> <span class='ocrx_word' id='word_1_237' title='bbox 413 2147 716 2198; x_wconf 77' lang='lat' dir='ltr'><strong>postulationem.</strong></span> <span class='ocrx_word' id='word_1_238' title='bbox 759 2147 844 2194; x_wconf 86' lang='lat' dir='ltr'><strong>Quo</strong></span> <span class='ocrx_word' id='word_1_239' title='bbox 865 2148 983 2199; x_wconf 84' lang='lat' dir='ltr'><strong>igitur</strong></span> <span class='ocrx_word' id='word_1_240' title='bbox 1004 2145 1192 2199; x_wconf 73' lang='lat' dir='ltr'><strong>respicit?</strong></span> <span class='ocrx_word' id='word_1_241' title='bbox 1226 2148 1264 2186; x_wconf 85' lang='lat' dir='ltr'><strong>ld</strong></span> <span class='ocrx_word' id='word_1_242' title='bbox 1288 2154 1330 2187; x_wconf 90' lang='lat' dir='ltr'><strong>ut</strong></span> <span class='ocrx_word' id='word_1_243' title='bbox 1350 2148 1632 2199; x_wconf 83' lang='lat' dir='ltr'><strong>intellegamus,</strong></span> 
     </span>
     <span class='ocr_line' id='line_1_31' title="bbox 220 2216 1634 2268; baseline 0.003 -15"><span class='ocrx_word' id='word_1_244' title='bbox 220 2216 346 2267; x_wconf 84' lang='lat' dir='ltr'><strong>ipsum</strong></span> <span class='ocrx_word' id='word_1_245' title='bbox 396 2216 618 2255; x_wconf 88' lang='lat' dir='ltr'><strong>Ciceronem</strong></span> <span class='ocrx_word' id='word_1_246' title='bbox 667 2216 843 2266; x_wconf 85' lang='lat' dir='ltr'><strong>cogimus</strong></span> <span class='ocrx_word' id='word_1_247' title='bbox 893 2216 1114 2268; x_wconf 86' lang='lat' dir='ltr'><strong>procedere.</strong></span> <span class='ocrx_word' id='word_1_248' title='bbox 1193 2216 1325 2256; x_wconf 84' lang='lat' dir='ltr'><strong>Cicero</strong></span> <span class='ocrx_word' id='word_1_249' title='bbox 1374 2216 1493 2268; x_wconf 81' lang='lat' dir='ltr'><strong>igitur</strong></span> <span class='ocrx_word' id='word_1_250' title='bbox 1542 2218 1634 2257; x_wconf 82' lang='lat' dir='ltr'><strong>haec</strong></span> 
     </span>
     <span class='ocr_line' id='line_1_32' title="bbox 220 2284 1634 2337; baseline 0.003 -15"><span class='ocrx_word' id='word_1_251' title='bbox 220 2284 354 2323; x_wconf 81' lang='lat' dir='ltr'><strong>scribit</strong></span> <span class='ocrx_word' id='word_1_252' title='bbox 401 2284 466 2323; x_wconf 88' lang='lat' dir='ltr'><strong>VII</strong></span> <span class='ocrx_word' id='word_1_253' title='bbox 499 2284 537 2332; x_wconf 82' lang='lat'><strong>7,</strong></span> <span class='ocrx_word' id='word_1_254' title='bbox 559 2284 584 2323; x_wconf 83' lang='lat'>6</span> <span class='ocrx_word' id='word_1_255' title='bbox 614 2284 797 2324; x_wconf 78' lang='lat' dir='ltr'><strong>imbecillo</strong></span> <span class='ocrx_word' id='word_1_256' title='bbox 841 2286 1090 2324; x_wconf 74' lang='lat' dir='ltr'><strong>resistendum</strong></span> <span class='ocrx_word' id='word_1_257' title='bbox 1135 2286 1230 2337; x_wconf 54' lang='grc' dir='ltr'><strong>Γαίῃ</strong></span> <span class='ocrx_word' id='word_1_258' title='bbox 1278 2286 1315 2332; x_wconf 79' lang='lat'><strong>5,</strong></span> <span class='ocrx_word' id='word_1_259' title='bbox 1339 2286 1362 2324; x_wconf 90' lang='lat'>5</span> <span class='ocrx_word' id='word_1_260' title='bbox 1408 2297 1490 2325; x_wconf 82' lang='lat' dir='ltr'><strong>sero</strong></span> <span class='ocrx_word' id='word_1_261' title='bbox 1535 2289 1634 2326; x_wconf 79' lang='lat' dir='ltr'><strong>enim</strong></span> 
     </span>
     <span class='ocr_line' id='line_1_33' title="bbox 218 2354 1631 2405; baseline 0.001 -13"><span class='ocrx_word' id='word_1_262' title='bbox 218 2356 425 2393; x_wconf 74' lang='lat' dir='ltr'><strong>resistimus</strong></span> <span class='ocrx_word' id='word_1_263' title='bbox 455 2356 498 2398; x_wconf 80' lang='lat' dir='ltr'><strong>ei,</strong></span> <span class='ocrx_word' id='word_1_264' title='bbox 531 2365 638 2404; x_wconf 81' lang='lat' dir='ltr'><strong>quem</strong></span> <span class='ocrx_word' id='word_1_265' title='bbox 665 2365 736 2405; x_wconf 81' lang='lat' dir='ltr'><strong>per</strong></span> <span class='ocrx_word' id='word_1_266' title='bbox 766 2365 886 2393; x_wconf 77' lang='lat' dir='ltr'><strong>annos</strong></span> <span class='ocrx_word' id='word_1_267' title='bbox 916 2354 1038 2393; x_wconf 77' lang='lat' dir='ltr'><strong>decem</strong></span> <span class='ocrx_word' id='word_1_268' title='bbox 1069 2355 1236 2394; x_wconf 69' lang='lat' dir='ltr'><strong>aluimus</strong></span> <span class='ocrx_word' id='word_1_269' title='bbox 1266 2360 1396 2394; x_wconf 80' lang='lat' dir='ltr'><strong>contra</strong></span> <span class='ocrx_word' id='word_1_270' title='bbox 1426 2366 1516 2402; x_wconf 78' lang='lat' dir='ltr'><strong>nos3</strong></span> <span class='ocrx_word' id='word_1_271' title='bbox 1548 2355 1584 2402; x_wconf 85' lang='lat'><strong>9,</strong></span> <span class='ocrx_word' id='word_1_272' title='bbox 1608 2355 1631 2394; x_wconf 89' lang='grc'><strong>3</strong></span> 
     </span>
     <span class='ocr_line' id='line_1_34' title="bbox 219 2421 1632 2476; baseline 0.001 -16"><span class='ocrx_word' id='word_1_273' title='bbox 219 2429 258 2461; x_wconf 79' lang='lat' dir='ltr'><strong>at</strong></span> <span class='ocrx_word' id='word_1_274' title='bbox 287 2429 368 2461; x_wconf 81' lang='lat' dir='ltr'><strong>tum</strong></span> <span class='ocrx_word' id='word_1_275' title='bbox 397 2421 603 2462; x_wconf 72' lang='lat' dir='ltr'><strong>imbecillus</strong></span> <span class='ocrx_word' id='word_1_276' title='bbox 631 2421 729 2473; x_wconf 79' lang='lat' dir='ltr'><strong>plus,</strong></span> <span class='ocrx_word' id='word_1_277' title='bbox 774 2424 905 2474; x_wconf 75' lang='lat' dir='ltr'><strong>inquit,</strong></span> <span class='ocrx_word' id='word_1_278' title='bbox 953 2423 1073 2463; x_wconf 72' lang='lat' dir='ltr'><strong>valuit</strong></span> <span class='ocrx_word' id='word_1_279' title='bbox 1108 2436 1221 2476; x_wconf 79' lang='lat' dir='ltr'><strong>quam</strong></span> <span class='ocrx_word' id='word_1_280' title='bbox 1259 2430 1334 2463; x_wconf 81' lang='lat' dir='ltr'><strong>tota</strong></span> <span class='ocrx_word' id='word_1_281' title='bbox 1370 2435 1431 2462; x_wconf 84' lang='lat' dir='ltr'><strong>res</strong></span> <span class='ocrx_word' id='word_1_282' title='bbox 1458 2423 1632 2474; x_wconf 71' lang='lat' dir='ltr'><strong>publz‘ca3</strong></span> 
     </span>
     <span class='ocr_line' id='line_1_35' title="bbox 221 2490 1631 2538; baseline -0.001 -8"><span class='ocrx_word' id='word_1_283' title='bbox 221 2490 257 2537; x_wconf 83' lang='lat'><strong>3,</strong></span> <span class='ocrx_word' id='word_1_284' title='bbox 281 2491 305 2529; x_wconf 83' lang='lat'>4</span> <span class='ocrx_word' id='word_1_285' title='bbox 335 2490 392 2530; x_wconf 74' lang='lat' dir='ltr'><strong>his</strong></span> <span class='ocrx_word' id='word_1_286' title='bbox 421 2490 485 2530; x_wconf 70' lang='lat' dir='ltr'><strong>ille</strong></span> <span class='ocrx_word' id='word_1_287' title='bbox 514 2491 625 2530; x_wconf 80' lang='lat' dir='ltr'><strong>rebus</strong></span> <span class='ocrx_word' id='word_1_288' title='bbox 654 2494 707 2530; x_wconf 80' lang='lat' dir='ltr'><strong>ita</strong></span> <span class='ocrx_word' id='word_1_289' title='bbox 737 2491 943 2536; x_wconf 63' lang='lat' dir='ltr'><strong>convalm&#39;tz</strong></span> <span class='ocrx_word' id='word_1_290' title='bbox 983 2491 1042 2538; x_wconf 87' lang='grc'><strong>13,</strong></span> <span class='ocrx_word' id='word_1_291' title='bbox 1068 2492 1085 2529; x_wconf 93' lang='grc'><strong>1</strong></span> <span class='ocrx_word' id='word_1_292' title='bbox 1120 2494 1151 2530; x_wconf 77' lang='lat' dir='ltr'><strong>is</strong></span> <span class='ocrx_word' id='word_1_293' title='bbox 1182 2498 1307 2530; x_wconf 79' lang='lat' dir='ltr'><strong>autem</strong></span> <span class='ocrx_word' id='word_1_294' title='bbox 1336 2491 1435 2530; x_wconf 82' lang='lat' dir='ltr'><strong>valet</strong></span> <span class='ocrx_word' id='word_1_295' title='bbox 1455 2494 1631 2531; x_wconf 71' lang='lat' dir='ltr'><strong>exercitu.</strong></span> 
     </span>
     <span class='ocr_line' id='line_1_36' title="bbox 222 2559 1633 2612; baseline 0.001 -16"><span class='ocrx_word' id='word_1_296' title='bbox 222 2559 354 2609; x_wconf 81' lang='lat' dir='ltr'><strong>Itaque</strong></span> <span class='ocrx_word' id='word_1_297' title='bbox 386 2559 424 2597; x_wconf 93' lang='lat' dir='ltr'><strong>in</strong></span> <span class='ocrx_word' id='word_1_298' title='bbox 447 2571 503 2606; x_wconf 85' lang='lat' dir='ltr'><strong>ea,</strong></span> <span class='ocrx_word' id='word_1_299' title='bbox 535 2559 580 2598; x_wconf 85' lang='lat' dir='ltr'><strong>de</strong></span> <span class='ocrx_word' id='word_1_300' title='bbox 603 2571 677 2610; x_wconf 84' lang='lat' dir='ltr'><strong>qua</strong></span> <span class='ocrx_word' id='word_1_301' title='bbox 699 2559 864 2610; x_wconf 86' lang='lat' dir='ltr'><strong>agimus,</strong></span> <span class='ocrx_word' id='word_1_302' title='bbox 896 2560 1086 2599; x_wconf 86' lang='lat' dir='ltr'><strong>sententia</strong></span> <span class='ocrx_word' id='word_1_303' title='bbox 1109 2567 1161 2600; x_wconf 81' lang='lat' dir='ltr'><strong>est</strong></span> <span class='ocrx_word' id='word_1_304' title='bbox 1181 2560 1249 2600; x_wconf 74' lang='lat' dir='ltr'><strong>illa</strong></span> <span class='ocrx_word' id='word_1_305' title='bbox 1270 2559 1416 2612; x_wconf 72' lang='lat' dir='ltr'><strong>quidem</strong></span> <span class='ocrx_word' id='word_1_306' title='bbox 1438 2560 1633 2610; x_wconf 77' lang='lat' dir='ltr'><strong>impudens</strong></span> 
     </span>
     <span class='ocr_line' id='line_1_37' title="bbox 217 2626 1631 2679; baseline 0.001 -14"><span class='ocrx_word' id='word_1_307' title='bbox 217 2626 423 2678; x_wconf 77' lang='lat' dir='ltr'><strong>postulatio</strong></span> <span class='ocrx_word' id='word_1_308' title='bbox 454 2629 624 2678; x_wconf 78' lang='lat' dir='ltr'><strong>opinione</strong></span> <span class='ocrx_word' id='word_1_309' title='bbox 644 2627 830 2668; x_wconf 72' lang='lat' dir='ltr'><strong>valentior</strong></span> <span class='ocrx_word' id='word_1_310' title='bbox 851 2628 986 2667; x_wconf 87' lang='lat' dir='ltr'><strong>ultima</strong></span> <span class='ocrx_word' id='word_1_311' title='bbox 1010 2628 1188 2668; x_wconf 84' lang='lat' dir='ltr'><strong>vocabula</strong></span> <span class='ocrx_word' id='word_1_312' title='bbox 1212 2628 1258 2667; x_wconf 80' lang='lat' dir='ltr'><strong>ad</strong></span> <span class='ocrx_word' id='word_1_313' title='bbox 1280 2628 1406 2679; x_wconf 89' lang='lat' dir='ltr'><strong>ipsum</strong></span> <span class='ocrx_word' id='word_1_314' title='bbox 1431 2626 1631 2666; x_wconf 82' lang='lat' dir='ltr'><strong>Caesarem</strong></span> 
     </span>
    </p>
   </div>
   <div class='ocr_carea' id='block_1_3' title="bbox 1773 0 1821 974">
    <p class='ocr_par' dir='ltr' id='par_1_4' title="bbox 1773 0 1821 974">
     <span class='ocr_line' id='line_1_38' title="bbox 1773 0 1821 974; baseline 0 0"><span class='ocrx_word' id='word_1_315' title='bbox 1773 0 1821 974; x_wconf 95' lang='lat' dir='ltr'><strong> </strong></span> 
     </span>
    </p>
   </div>
  </div>
 </body>
</html>
