1821 3077
609 160 1055 200 ——-177——

125 283 163 322 Σ
190 287 228 322 et
260 285 300 321 Δ
330 281 430 321 facta
459 279 522 319 sit.
593 278 663 330 11)
695 278 782 319 Veri
818 277 943 319 simile
975 283 1057 326 est,
1092 279 1141 326 Ω,
1173 276 1198 317 i.
1232 291 1264 317 e.
1296 278 1550 332 archetypum

124 351 302 391 omnium
325 349 501 389 codicum
525 348 591 400 qui
615 355 781 396 exstant,
814 346 1086 400 dittographiis
1112 359 1226 386 usum
1250 360 1335 387 esse
1357 347 1414 400 (p.
1441 348 1551 399 173).

129 418 196 469 12)
229 419 281 458 De
312 418 444 459 codice
467 417 678 457 Veronensi
710 431 728 457 a
760 417 967 457 petrarcha
1000 423 1155 469 reperto
1179 417 1295 469 plane
1328 417 1424 456 nihil
1455 431 1550 457 con—

128 494 224 536 stat;
255 501 304 527 ne
334 487 426 527 illud
455 486 613 539 quidem
647 486 806 533 scimus,
838 486 971 538 ecquis
1002 492 1093 539 post
1128 485 1379 526 Petrarcham
1420 500 1552 526 exem-

131 558 214 610 plar
246 570 291 597 ex
323 569 368 595 eo
400 555 660 608 descripserit.
725 555 793 607 13)
825 556 966 595 Contra
1005 569 1050 595 ex
1089 568 1134 595 eo
1166 556 1407 608 apographo,
1450 557 1552 608 quod

124 625 336 666 Petrai-cha
357 624 536 673 confecit,
561 630 618 664 tot
639 624 824 664 lectiones
847 630 1013 671 exstant,
1048 632 1091 664 ut
1112 624 1192 664 veri
1215 624 1340 663 simile
1363 624 1424 672 sit,
1457 625 1551 664 illud

129 695 378 748 apographon
397 694 436 734 in
455 695 492 733 Σ
506 694 653 741 cadere,
673 693 708 732 M
725 706 803 733 non
821 706 906 733 esse
923 707 969 733 ex
986 706 1030 733 eo
1049 699 1178 733 ortum
1199 695 1251 745 (p.
1268 693 1377 745 169).
1420 694 1484 742 14)
1500 694 1553 733 Ex

130 764 216 804 Mal.
239 763 437 804 codicibus
459 763 549 803 Ant.
572 771 609 803 et
631 763 660 802 F
681 763 720 802 in
743 764 782 802 Σ
798 763 969 815 ponendi
992 768 1097 811 sunt,
1130 762 1246 802 etiam
1270 762 1362 802 Rav.
1386 762 1421 802 ei
1441 763 1555 803 classi

132 832 364 873 tribuendus
381 837 440 872 est
456 833 510 884 (p.
529 833 581 871 45
600 840 637 871 et
659 832 737 871 134
755 838 794 871 et
811 831 888 871 148
909 838 946 871 et
965 832 1081 883 155);
1102 832 1191 871 Ant.
1210 838 1248 870 et
1264 831 1355 870 Rav.
1374 831 1555 872 videntur

128 914 218 942 cum
238 901 269 941 Ο
291 901 553 953 coniungendi
576 914 661 941 esse
685 902 735 953 (p.
758 900 868 951 153),
893 900 920 939 F
938 914 1027 940 cum
1050 900 1081 939 R
1101 899 1152 952 -Ι-
1170 900 1213 940 Ρ.
1254 902 1321 950 15)
1341 900 1553 954 Pleraeque

125 971 314 1010 lectiones
345 970 398 1009 M²
441 970 482 1009 in
514 971 551 1009 Σ
584 969 839 1009 inveniuntur
886 983 1013 1022 neque
1059 983 1148 1009 vero
1185 975 1316 1022 potest
1352 970 1552 1018 constitui,

128 1040 232 1079 unde
263 1052 440 1092 quaeque
471 1040 586 1079 lectio
616 1039 801 1079 translata
832 1040 882 1079 sit
913 1040 966 1091 (p.
994 1040 1101 1089 157).
1163 1039 1231 1091 16)
1263 1039 1338 1078 Eae
1368 1039 1554 1079 lectiones

128 1109 196 1156 M2‚
228 1121 328 1160 quae
358 1108 397 1147 in
426 1109 559 1147 Σηοιι
583 1108 850 1155 inveniuntur,
883 1107 1020 1159 quanti
1042 1107 1304 1148 aestimandae
1325 1108 1417 1157 sint,
1450 1121 1556 1148 nunc

128 1177 289 1217 dubium
332 1183 410 1222 est,
452 1176 582 1228 itaque
620 1176 694 1216 iam
734 1177 808 1216 hoc
846 1177 961 1216 modo
999 1189 1061 1216 res
1092 1177 1238 1228 agenda
1277 1183 1349 1225 est,
1390 1186 1431 1217 ut
1468 1178 1555 1218 illae

129 1247 314 1286 lectiones
330 1246 561 1299 colligantur
577 1253 692 1298 atque
709 1246 943 1298 inquiratur,
962 1253 1095 1285 utrum
1114 1259 1160 1285 ex
1176 1247 1375 1286 codicibus
1396 1247 1554 1286 haustae

129 1328 178 1354 an
210 1314 444 1354 coniecturis
466 1321 573 1354 ortae
596 1315 687 1354 sint.
738 1316 806 1366 17)
829 1314 885 1353 Ex
908 1319 947 1354 A
969 1315 1089 1355 codex
1112 1315 1148 1354 M
1171 1315 1331 1367 plurimi
1352 1316 1554 1356 faciendus

129 1390 201 1432 est,
233 1384 337 1436 quod
369 1390 408 1423 et
427 1383 483 1422 Μ1
514 1383 618 1423 haud
649 1384 783 1436 paucis
814 1384 909 1424 locis
932 1385 1120 1435 genuinas
1141 1384 1326 1424 lectiones
1359 1392 1487 1424 servat
1516 1391 1555 1425 et

130 1452 183 1491 Μ2
206 1465 296 1493 eum
314 1453 444 1492 locum
467 1453 505 1492 in
530 1452 661 1492 codice
680 1460 798 1501 tenet,
822 1459 866 1492 ut
888 1453 997 1493 facile
1014 1453 1121 1506 prior
1144 1466 1283 1493 manus
1300 1466 1318 1493 a
1338 1455 1554 1506 posteriore

133 1521 414 1573 distinguatur3
456 1529 591 1562 contra
623 1522 663 1561 in
702 1536 720 1561 s
752 1522 937 1562 lectiones
969 1523 1021 1562 ita
1053 1523 1293 1571 coaluerunt,
1340 1530 1383 1563 ut
1413 1523 1489 1562 nisi
1520 1523 1554 1561 M

131 1596 235 1630 esset
265 1590 468 1630 diiudicari
509 1603 588 1630 non
624 1599 769 1643 posset,
817 1598 948 1631 utrum
988 1605 1165 1643 quaeque
1203 1592 1318 1631 lectio
1355 1605 1402 1631 ex
1435 1596 1475 1631 A
1506 1605 1554 1632 an

130 1672 173 1699 ex
196 1661 233 1698 Σ
251 1666 334 1699 orta
356 1666 460 1699 esset
481 1660 534 1712 (p.
561 1660 677 1705 156);
709 1673 726 1699 s
748 1673 836 1699 cum
862 1673 939 1700 non
963 1661 1060 1700 liber
1081 1661 1316 1701 coniecturis
1339 1661 1401 1709 sit,
1434 1675 1554 1713 quae-

130 1741 298 1780 cumque
330 1728 414 1768 eius
445 1729 623 1781 propriae
645 1729 832 1769 lectiones
855 1737 959 1778 sunt,
992 1731 1307 1771 coniecturarum
1329 1731 1453 1770 instar
1485 1731 1553 1770 ha-

132 1797 279 1837 bendae
310 1804 416 1837 sunt.
481 1797 547 1846 18)
580 1798 634 1837 Ex
666 1799 704 1837 Σ
730 1799 881 1839 codices
913 1800 958 1847 O,
990 1800 1034 1848 R,
1067 1800 1108 1848 P,
1141 1802 1243 1847 Ant.,
1276 1800 1329 1849 Ε,
1350 1800 1441 1839 Rav.
1475 1812 1553 1839 non

131 1866 264 1919 paucis
294 1866 388 1906 locis
423 1867 610 1918 ‹p.148),
654 1867 698 1914 R,
729 1868 771 1916 P,
800 1868 828 1907 F
875 1870 1009 1910 multis
1055 1870 1150 1909 locis
1190 1868 1555 1922 interpolationibus

129 1935 323 1987 inquinati
366 1943 459 1975 sunt
500 1936 554 1988 (p.
582 1936 701 1988 152);
744 1938 875 1988 itaque
905 1937 956 1983 N,
986 1937 1036 1985 ΙΙ,
1063 1938 1094 1976 Ε
1136 1937 1259 1977 multo
1297 1938 1420 1990 pluris
1462 1946 1555 1978 sunt

130 2017 246 2056 quam
281 2004 326 2051 O,
349 2004 400 2053 R,
424 2004 474 2053 Ρ,
506 2006 689 2045 lectiones
713 2005 820 2054 O‚R‚
844 2006 885 2054 P,
920 2007 984 2046 ubi
1016 2007 1063 2046 ab
1093 2006 1146 2054 N,
1176 2007 1228 2054 H,
1257 2006 1285 2045 E
1317 2007 1555 2047 dissentiunt

132 2086 257 2125 neque
274 2086 364 2113 cum
381 2078 420 2113 A
437 2074 700 2123 consentiunt,
719 2075 1030 2116 coniecturarum
1054 2076 1176 2115 instar
1197 2083 1302 2116 sunt.
1340 2076 1408 2127 19)
1426 2076 1552 2116 Codex

132 2141 161 2181 E
193 2149 252 2181 est
282 2142 454 2194 optimus
485 2149 601 2194 atque
632 2143 920 2196 integerrimus,
952 2145 1025 2185 etsi
1046 2145 1090 2193 Ε,
1122 2144 1189 2184 ubi
1211 2145 1377 2197 aliquam
1401 2152 1550 2198 partem

132 2211 290 2257 omittit,
342 2211 386 2250 ad
435 2212 713 2252 commissuras
758 2213 984 2253 oblinendas
1035 2226 1114 2252 non
1161 2225 1379 2266 numquam
1424 2228 1552 2254 veram

132 2280 335 2319 lectionem
371 2286 496 2319 mutat
525 2293 651 2332 neque
683 2294 701 2320 a
741 2281 976 2321 coniecturis
1017 2283 1220 2331 abhorret,
1262 2283 1294 2322 N
1325 2296 1403 2323 non
1437 2284 1553 2323 nullis

131 2349 225 2389 locis
271 2349 514 2389 coniecturas
559 2350 675 2389 habet
719 2358 758 2390 et
802 2351 1141 2403 neglegentissime
1179 2359 1239 2391 est
1281 2352 1472 2404 scriptus;
1521 2351 1552 2390 11

133 2418 234 2458 haud
286 2431 427 2470 paucas
477 2418 720 2459 coniecturas
766 2419 883 2459 habet
928 2427 966 2460 et
1013 2421 1235 2473 complures
1280 2421 1466 2460 lectiones
1508 2434 1551 2459 ex

136 2491 175 2526 A
208 2487 341 2534 traxit;
375 2487 406 2527 Ο
439 2487 635 2538 aliquanto
668 2489 804 2528 melior
834 2495 894 2529 est
924 2502 1040 2541 quam
1074 2490 1106 2528 R
1129 2496 1167 2530 et
1188 2490 1229 2538 P,
1261 2489 1292 2528 P
1323 2503 1401 2528 non
1433 2489 1553 2529 nihilo

134 2556 249 2595 etiam
297 2556 466 2595 deterior
517 2569 633 2608 quam
672 2557 715 2597 R.
777 2559 847 2609 20)
885 2558 958 2597 Ubi
989 2559 1019 2597 E
1055 2565 1092 2598 et
1122 2558 1154 2597 N
1195 2565 1233 2597 et
1275 2559 1307 2597 H
1353 2558 1552 2605 deliciunt,

134 2624 180 2664 de
203 2626 240 2664 Ω
262 2626 501 2665 constituere
534 2625 687 2664 difficile
710 2633 780 2665 est.
828 2627 897 2673 21)
923 2627 1118 2679 Suspicari
1142 2628 1242 2673 licet,
1268 2630 1304 2665 Ω
1327 2640 1350 2666 α
1371 2633 1550 2679 apertum

133 2699 172 2733 et
193 2694 424 2747 scripturam
449 2708 565 2746 quain
597 2702 733 2734 vocant
750 2695 973 2735 continuam
998 2697 1180 2736 habuisse
1203 2698 1257 2748 (1).
1279 2697 1356 2735 145
1379 2703 1418 2736 et
1443 2696 1551 2747 156).

206 2761 365 2793 Lehmann,
386 2763 429 2789 De
449 2762 507 2789 Cic.
528 2762 565 2789 ud
586 2764 645 2788 Λα.
666 2762 812 2796 epistulis.
1296 2765 1339 2799 12
