1889 3094
573 734 910 789 CAPUT
970 735 1012 788 I.

85 985 185 1025 VIRI
231 985 381 1025 DOCTI
417 984 550 1032 QUAE
598 984 776 1023 STUDIA
826 982 1110 1024 POSUERINT
1156 982 1205 1021 IN
1244 982 1505 1023 CICERONIS

149 1066 211 1106 AI)
257 1065 477 1105 ATTICUM
523 1064 784 1104 EPISTULIS
830 1063 1169 1105 RECENSENDIS
1218 1063 1333 1102 INDE
1379 1064 1441 1102 ΑΒ

651 1146 785 1186 ANNO
829 1145 948 1186 1845.

199 1251 281 1292 Etsi
308 1252 349 1292 C.
371 1251 570 1292 Schirmer
598 1251 638 1291 in
667 1251 880 1303 Philologo‚
914 1252 941 1291 1.
966 1251 1012 1290 Η.
1037 1250 1280 1291 Sclnnalzius
1312 1250 1351 1289 in
1385 1262 1505 1290 anna-

84 1321 186 1361 libus
230 1321 483 1361 relationibus
529 1335 549 1362 a
596 1321 784 1361 Bursiano
830 1321 1040 1368 institutis,
1099 1334 1170 1360 nos
1216 1320 1254 1359 in
1302 1319 1507 1359 annalibus

85 1390 339 1431 relationibus
372 1390 568 1432 societatis
599 1391 851 1443 philologicae
885 1390 1146 1430 Berolinensis
1184 1389 1229 1428 de
1268 1389 1315 1429 iis
1354 1389 1504 1430 studiis,

85 1473 184 1513 quae
236 1461 281 1500 ad
329 1459 526 1501 Ciceronis
581 1461 626 1500 ad
673 1461 751 1500 Ati.
800 1461 984 1514 epistulas
1022 1459 1235 1513 pertinent,
1289 1458 1508 1505 referimus,

88 1536 236 1578 tamen,
288 1543 364 1582 quo
415 1530 537 1583 magis
588 1536 788 1584 appareat⁷
839 1543 937 1582 quae
989 1541 1050 1568 res
1102 1528 1164 1568 hic
1214 1535 1368 1579 agatur,
1418 1528 1507 1566 bre-

89 1598 188 1639 viter
217 1599 263 1639 de
294 1599 413 1639 altera
445 1600 614 1640 editione
636 1600 828 1640 Orelliana
862 1599 987 1651 iisque
1009 1598 1146 1638 libellis
1169 1604 1283 1650 atque
1306 1610 1508 1637 cominen-

88 1668 303 1707 tationibus
334 1681 433 1720 quae
464 1670 508 1709 ad
542 1670 703 1709 eandem
738 1682 818 1708 rem
853 1674 1030 1721 spectant
1060 1667 1359 1719 disputabimus.

203 1737 330 1777 Altera
376 1737 495 1790 igitur
541 1739 658 1778 editio
699 1738 890 1778 Orelliana
937 1750 1035 1789 quae
1075 1737 1202 1777 Turici
1251 1750 1351 1777 anno
1403 1737 1508 1776 1845

90 1805 235 1858 prodiit
266 1806 326 1845 his
357 1807 623 1848 fundamentis
655 1808 811 1848 nititur:

206 1874 246 1927 1)
278 1875 313 1914 M
341 1893 396 1909 =
417 1877 513 1917 cod.
535 1877 744 1917 Mediceo
775 1878 872 1930 plut.
895 1876 1026 1916 XLIX.
1058 1888 1166 1915 num.
1189 1875 1324 1923 xvluv,
1355 1875 1401 1915 de
1433 1888 1509 1926 quo

90 1944 302 1984 Bandinius
333 1945 373 1984 in
405 1946 566 1998 catalogi
599 1953 692 1987 tom.
717 1947 749 1986 II
781 1960 817 1999 p.
841 1947 922 1988 474
954 1947 1048 1986 haec
1078 1945 1265 1998 prodidit:

203 2013 251 2052 M.
274 2014 317 2054 T.
340 2014 582 2067 Epistolae
614 2017 665 2057 ad
687 2016 826 2056 Attio.
861 2029 1001 2056 manu
1031 2015 1189 2055 Franc.
1213 2015 1508 2055 petrarchae

91 2089 323 2123 exaratae.

126 2151 152 2190 l.
204 2164 302 2204 pag.
342 2153 377 2191 1.
437 2153 486 2193 Μ.
538 2155 681 2194 Tullii
743 2154 991 2194 Ciceronis
1052 2154 1390 2207 Epistolarum
1453 2152 1507 2191 ad

205 2221 253 2260 M.
307 2221 503 2262 Brutum
558 2223 698 2264 Liber
755 2223 1032 2276 singularis.
1114 2223 1263 2276 Epist.
1320 2224 1355 2261 1.
1416 2221 1508 2261 inc.

208 2289 368 2330 Cicero
400 2290 542 2332 Bruto
572 2293 779 2333 salutem.
824 2293 864 2332 L.
889 2293 1080 2333 Clodius
1111 2293 1333 2332 tribunus
1361 2292 1509 2344 plebis

206 2360 470 2412 ‹lesiynatus
519 2367 602 2401 etc.
682 2362 830 2415 Epist.
883 2362 1015 2402 XVIII.
1083 2368 1130 2401 et
1182 2362 1363 2401 ultima
1417 2361 1507 2400 des.

206 2442 408 2482 quaeque
440 2430 495 2468 ατί
525 2437 564 2469 te
591 2435 829 2482 pertinere
860 2432 1078 2471 arbitrer.
1120 2431 1175 2471 VI.
1213 2431 1257 2471 Κ.
1289 2430 1508 2471 Seaetiles.

205 2497 322 2537 Tum
356 2498 639 2539 subiicitur:
680 2502 743 2541 Ad
769 2501 957 2541 Brutum
982 2501 1299 2553 Epistolarum
1324 2498 1454 2539 Liber
1477 2497 1508 2538 I.

174 2603 179 2609 .
206 2568 412 2619 explicit.
461 2568 633 2620 Incipit
666 2571 721 2610 asl
752 2569 797 2616 Q.
820 2571 1048 2611 Fratrem.

112 2634 156 2673 ll.
207 2648 305 2687 pag.
341 2637 404 2675 14.
466 2637 683 2677 Eiusdem
727 2639 775 2676 ad
809 2640 1037 2686 Quintum
1073 2639 1282 2678 Fratrem
1318 2638 1509 2690 Episto-

207 2705 351 2745 larum
402 2706 543 2746 Libri
583 2707 644 2745 III.
708 2707 863 2746 I'rinia
912 2708 996 2747 inc.
1058 2708 1238 2747 Marcus
1271 2708 1316 2754 Q.
1351 2707 1514 2746 Fralri

165 2770 325 2804 Lehmann,
347 2772 387 2798 1¹0
409 2773 466 2799 (Jic.
487 2773 520 2798 :ul
544 2776 604 2799 Att.
627 2773 767 2806 epistulis.
1280 2778 1291 2808 1
