1821 3077
681 176 1094 217 ——13—

178 300 217 334 et
247 294 298 342 Q.
333 293 580 341 Fratrem,
629 295 1027 342 emendationes,
1076 308 1130 334 ac
1170 295 1505 347 suspiciones.
1544 320 1597 324 —

179 363 390 417 Malaspina
412 363 470 402 vel
492 363 724 417 Malaespina
757 364 824 414 (ita
847 365 950 404 enim
974 377 1119 405 nomen
1149 365 1333 405 omnibus
1365 365 1449 406 eius
1480 365 1598 405 libelli

177 432 271 473 locis
302 432 537 485 impressum
570 433 647 483 est)
680 433 773 473 baec
804 434 958 474 scribit:

291 500 485 542 ‘Undecim
515 514 603 542 vero
635 502 734 554 (scil.
767 502 904 554 libros)
934 504 1146 544 habuimus.
1192 516 1241 544 ex
1278 504 1409 557 quibus
1439 506 1598 557 quinque

178 583 262 611 cum
293 571 447 623 vutqata
469 571 635 612 Manutii
664 579 773 625 atque
793 576 905 613 etiam
934 572 1086 614 Victorii
1114 575 1283 620 editione,
1317 574 1596 625 cliliyentissime

178 641 429 693 conferentes,
475 654 499 680 a
535 642 751 682 carceribus
781 650 823 682 ut
853 643 927 683 clici
955 644 1062 690 solet,
1109 644 1158 683 ad
1194 643 1331 683 calcem
1361 656 1478 695 usque
1504 656 1594 695 per-

179 713 388 750 currimus:
404 723 535 764 nempe
552 710 586 750 F
586 714 696 751 aerni
710 712 819 752 duos:
837 725 997 764 quorum
1015 726 1148 759 uuum,
1166 713 1380 753 Romanum
1399 712 1599 765 exemplar

177 779 370 833 appellare
400 779 515 827 soleo,
555 782 655 833 quod
692 782 759 821 sub
798 783 836 822 id
873 789 1015 835 tempus
1045 781 1185 823 Romae
1216 785 1436 835 impressum
1467 782 1597 833 fuerit,

177 861 248 902 quo
291 849 380 889 haec
410 853 506 903 typis
536 850 748 890 eoecuclencli
784 864 858 898 ars,
907 852 1086 892 divinitus
1126 860 1179 892 est
1216 855 1388 892 inventa.-
1434 851 1594 890 alterum

177 917 321 958 Faerni
362 921 477 972 ipsius
521 919 682 960 nomine'
729 922 818 971 (nos
865 931 953 958 eum
1003 918 1173 958 codicem
1214 918 1242 957 F
1288 932 1376 959 cum
1415 920 1597 959 Wesenb.

178 987 494 1041 appellabimus),
538 989 660 1029 ‘valde
694 990 854 1042 probum
895 996 927 1028 et
958 990 1177 1040 antiquwn:
1209 1001 1299 1040 quos
1339 990 1467 1029 ambos
1497 991 1599 1042 apud

179 1069 238 1097 eos
269 1069 346 1098 esse
375 1055 556 1102 arbitror,
589 1059 654 1108 qui
681 1056 864 1097 librorum
885 1058 1003 1108 ipsius
1021 1058 1182 1109 fuerunt
1203 1057 1364 1099 heredes.
1415 1059 1599 1100 [luidonis

179 1125 301 1179 Lolyii
327 1129 415 1166 item
451 1127 564 1166 duos:
611 1139 730 1165 unum
777 1138 891 1165 manu
925 1126 1052 1178 Pquii
1078 1125 1112 1165 F
1114 1126 1294 1167 lorentini
1330 1128 1399 1181 (ita
1431 1133 1526 1169 enim
1559 1132 1597 1169 in

178 1196 253 1248 sine
284 1195 376 1236 libri
403 1195 557 1248 leqitur)
592 1195 830 1247 descriptum,
865 1196 909 1235 ab
941 1196 1100 1235 editione
1136 1195 1302 1242 Victorii,
1342 1201 1418 1238 sive
1453 1198 1596 1239 Graeca

177 1267 252 1304 sive
284 1263 415 1306 Latina
445 1271 593 1316 spectes,
624 1277 698 1304 non
731 1277 957 1316 maynopere
980 1264 1189 1304 diuersum:
1220 1266 1383 1307 alterum
1415 1271 1597 1308 recentio-

177 1346 270 1380 rem,
301 1347 409 1387 quem
441 1333 581 1374 librum
602 1332 720 1386 Lolyii
746 1334 894 1386 ubique,
926 1342 968 1373 ut
998 1335 1106 1374 illum
1130 1335 1260 1388 Poyyii
1279 1349 1382 1377 voco.
1415 1350 1506 1390 quos
1536 1341 1602 1391 qui

178 1403 276 1444 volet
308 1401 369 1455 (ea
400 1410 452 1443 est
481 1402 643 1442 hominis
663 1403 894 1455 Immanitas)
926 1404 1116 1444 arbitratu
1147 1418 1215 1445 suo
1235 1409 1373 1457 poterit
1403 1410 1596 1460 inspicere.

180 1472 364 1520 Quintum
385 1485 403 1512 e
423 1472 651 1513 Bibliotheca
674 1472 862 1513 Dominici
884 1472 1060 1513 Grimani
1079 1473 1296 1515 Carclinalis
1317 1480 1451 1529 accepi,
1485 1490 1594 1529 quam

173 1544 234 1581 vir
263 1541 327 1581 ille
358 1541 486 1582 clarus
516 1549 549 1582 et
580 1555 752 1595 mammes,
790 1546 829 1582 in
861 1546 998 1583 nostris
1030 1544 1182 1583 aedibus
1203 1545 1442 1585 Antonianis’
1474 1547 1593 1598 (Ant.

175 1622 264 1650 cum
287 1610 468 1650 Wesenb‘
501 1611 606 1650 hunc
636 1611 778 1651 librum
814 1612 1080 1659 nominamus)
1115 1613 1290 1653 ‘Venetiis
1320 1616 1594 1668 eaeaesll‘sicavi't,

175 1681 412 1732 omniumque
443 1679 628 1720 librorum
661 1683 765 1732 copia
797 1687 829 1720 et
860 1684 1041 1720 varietate
1071 1684 1255 1722 instruocit
1287 1691 1395 1735 atque
1427 1689 1594 1725 ornavit:

177 1761 272 1801 quae
303 1751 446 1788 nemini
473 1749 603 1789 clausa
633 1757 696 1795 est,
729 1753 888 1790 invisere
920 1752 1070 1791 volenti.
1130 1751 1209 1791 Hos
1249 1764 1335 1804 eryo
1367 1756 1525 1807 quinque
1556 1757 1592 1793 in

170 1825 351 1870 potestate
381 1818 506 1864 habui,
539 1826 701 1872 totosque
733 1833 814 1860 cum
849 1822 930 1860 totis
960 1820 1175 1871 syllabatim
1206 1822 1470 1876 fastidioseque
1502 1837 1593 1863 con-

174 1886 262 1926 tuli:
293 1886 458 1940 reliquos
477 1901 556 1934 seoe,
589 1889 685 1941 quod
707 1889 820 1928 nihilo
848 1890 1022 1930 meliores
1053 1885 1434 1944 comperiebamfpro
1464 1899 1505 1931 ut
1536 1905 1594 1933 res

173 1955 271 2001 tulit,
304 1957 479 1997 consului
501 1959 627 2009 potius
656 1958 874 2010 aliquando,
908 1973 1018 2012 quam
1043 1959 1136 2011 leyi:
1168 1963 1209 1999 in
1239 1961 1372 2012 quibus
1400 1968 1475 2001 tres
1504 1962 1594 2013 fue·

173 2031 264 2063 runt
301 2025 505 2065 doctissimi
540 2029 617 2066 viri
650 2027 885 2068 Bernardini
913 2028 1047 2081 Maffei
1080 2028 1318 2075 Cardinalis,
1358 2043 1447 2082 quos
1480 2043 1594 2082 penes

173 2091 323 2133 heredes
341 2097 507 2146 reperire
529 2095 630 2136 licet:
654 2109 755 2136 mms
782 2097 1001 2137 Cardinalis
1021 2098 1112 2137 mei’
1136 2099 1234 2146 (scil.
1254 2099 1397 2139 Nicolai
1422 2099 1591 2147 Ro‹lul[i;

174 2173 245 2201 nos
276 2162 432 2211 librum,
464 2176 578 2215 quem
608 2165 693 2205 Mal.
726 2179 813 2206 raro
845 2168 982 2213 adfert,
1015 2167 1142 2207 Card.
1175 2168 1485 2221 appellabimus),
1519 2172 1596 2221 ‘qui

171 2237 255 2282 post
287 2231 427 2272 obitum
457 2233 572 2279 illius,
605 2248 688 2275 cum
720 2236 867 2289 reliqua
898 2239 1120 2288 optimorum
1145 2236 1328 2277 librorum
1363 2238 1590 2283 bibliotheca,

172 2302 211 2339 in
250 2313 407 2340 manum
452 2305 551 2342 venit
595 2304 798 2345 clarissimi
838 2304 1082 2357 Imperatoris
1125 2314 1157 2345 e!
1193 2308 1397 2359 fortissimi
1434 2307 1592 2347 hominis

174 2367 275 2409 Petri
292 2369 464 2416 Strozae„
497 2384 573 2411 non
602 2376 729 2413 minus
761 2374 888 2414 latinis
914 2378 1130 2427 yraecisque
1153 2376 1296 2422 litteris,
1329 2389 1441 2428 quam
1475 2379 1595 2415 animi

172 2440 443 2490 maynitudine,
476 2453 550 2492 qua
581 2449 719 2482 ceteros
749 2446 955 2494 superavit,
986 2445 1265 2495 praecellentis:
1298 2459 1408 2497 quam
1443 2457 1588 2485 omnem

175 2506 440 2554 bibliothecam,
473 2511 586 2549 (nulio
608 2509 819 2563 Philippum
840 2512 976 2563 silium,
1009 2526 1089 2552 cnm
1118 2515 1265 2566 reliqua
1297 2527 1379 2554 cum
1408 2518 1590 2566 pecunia-

172 2589 259 2616 rum
292 2585 369 2618 tum
405 2581 585 2619 m'rlutum
613 2587 865 2631 paternarum
892 2582 1094 2622 hereditate
1117 2586 1284 2623 crevisse.
1336 2583 1488 2635 Reliqui
1517 2585 1590 2624 duo

173 2645 278 2692 libri,
316 2646 413 2687 alter
444 2650 546 2700 opud
580 2649 776 2689 Octavium
811 2650 1083 2703 Pantayathum
1117 2660 1214 2697 erat,
1256 2655 1361 2692 cuius
1400 2652 1463 2692 ille
1501 2653 1593 2692 mihi

174 2717 335 2766 copiam,
380 2720 663 2770 qitotiesrunqaw
710 2719 826 2757 volui
868 2721 970 2759 ultro
1013 2722 1124 2771 lecit:
1172 2735 1276 2774 quem
1309 2729 1431 2762 lamen
1467 2724 1587 2763 aielmt
