1821 3077
617 135 1063 176 ——147—

126 262 231 295 recte
262 254 295 294 H
316 254 580 294 Brundusium
608 254 757 306 referre
788 256 865 294 sine
895 261 940 294 te.
965 277 1017 280 —
1040 253 1090 292 ΙΙΙ
1115 253 1178 299 15,
1202 253 1228 291 4
1249 265 1402 304 meaque
1426 252 1551 304 officia

126 332 160 364 et
191 325 362 365 custodia
392 331 426 364 et
455 323 582 363 studia
612 323 664 371 N3
698 329 802 362 recte
826 323 857 361 ss
890 323 1017 375 officia
1054 329 1088 361 et
1118 321 1255 362 studia.
1296 345 1347 348 —
1389 322 1400 359 1
1433 320 1496 368 13,
1526 320 1549 359 3

126 393 192 434 sed
220 405 366 441 vereor,
397 405 443 432 ne
473 393 553 439 hoc,
592 392 691 444 quod
719 393 903 444 infectum
934 399 999 438 est,
1030 398 1156 443 serpat
1187 390 1307 429 lacius
1330 390 1475 441 lonyius
1496 389 1550 437 N3

126 469 230 502 recte
246 461 281 500 H
297 467 424 513 serpat
439 461 598 512 longius.
690 461 702 499 1
723 461 786 508 17,
804 461 828 500 9
852 461 895 500 cle
912 462 1091 500 ordinum
1109 460 1286 512 dignitate
1302 466 1337 498 et
1353 459 1551 498 eoncordia

127 532 225 571 dicta
262 538 351 570 sunt
381 529 434 569 lct'
455 529 655 582 septemb'r
676 529 726 569 αἶ’
750 528 935 568 decemb'r
956 537 990 569 et
1004 529 1187 580 postridie
1208 527 1240 567 N
1252 543 1261 576 3
1294 527 1326 566 H
1349 529 1447 568 dicta
1468 534 1555 566 sant

128 599 186 640 Id'
218 598 402 640 decemb’r
432 606 466 638 et
481 599 677 651 postridie.
705 622 753 625 ——
786 598 818 636 ΙΙ
848 599 878 645 i,
901 597 925 637 3
949 600 1014 650 qui
1027 597 1227 650 philippice
1250 597 1480 637 ordinantur
1503 596 1552 635 αἶ’

127 671 379 708 nominantur
424 670 610 707 enituerat
655 667 707 714 Ν,
755 673 857 706 recte
895 666 926 705 H
964 670 1227 707 nominantur.
1270 689 1322 694 —
1365 665 1549 713 [1124‚1

127 745 255 777 tamen
285 737 485 790 sperabam
517 736 721 789 aliquando
744 735 889 787 aliquid
919 734 1029 787 (sici)
1060 736 1192 787 fecisse
1213 748 1277 775 seu
1298 736 1432 775 vidisse
1456 747 1553 787 pru-

129 807 284 847 dencius
313 805 367 854 N;
412 812 516 846 recte
550 806 582 845 H
621 806 764 858 aliquid
801 804 1009 856 aliqnando
1053 806 1187 845 vidisse
1219 804 1462 857 prudentius,
1501 827 1554 831 ——

127 875 158 914 N
182 875 283 914 haud
304 874 437 927 paucis
469 874 563 914 locis
595 875 839 914 coniecturas
872 874 998 921 habet,
1031 873 1064 912 H
1097 886 1186 912 vero
1210 874 1334 913 multo
1356 872 1555 926 pluribus3

128 944 260 996 itaque
281 943 314 983 N
345 943 469 996 pluris
501 944 665 983 facimus
688 956 803 995 quam
832 944 883 991 H·7
916 943 1082 982 eundem
1107 942 1278 982 codicem
1303 941 1336 980 H
1358 948 1554 994 praetcrea

128 1026 173 1053 ex
203 1017 244 1052 Δ
263 1031 320 1047 =
340 1012 373 1051 M
401 1012 451 1065 -Ι-
475 1026 492 1052 s
523 1012 708 1052 lectiones
747 1012 940 1064 accepisse
981 1012 1080 1051 infra
1123 1025 1159 1063 p.
1187 1011 1265 1051 162
1298 1023 1554 1063 exponemus.

241 1082 290 1122 Et
319 1082 349 1121 E
380 1088 418 1121 et
450 1081 482 1120 H
513 1081 647 1121 multis
680 1081 772 1120 locis
804 1081 909 1119 hiare
942 1094 1059 1133 supra
1090 1094 1127 1133 p.
1152 1080 1204 1121 23
1237 1087 1275 1119 et
1305 1093 1342 1132 p.
1368 1080 1420 1120 30
1453 1080 1554 1119 dixi-

129 1164 237 1197 mus3
269 1151 385 1190 iidem
419 1151 570 1190 codices
601 1162 680 1190 nou
713 1162 928 1201 numquam
964 1149 1015 1189 ita
1048 1149 1168 1197 hiant,
1203 1157 1245 1189 ut
1276 1150 1408 1189 eadem
1441 1150 1555 1189 verba

129 1221 264 1261 eodem
300 1220 417 1260 modo
449 1219 650 1258 omittant:
692 1219 794 1270 quod
830 1224 961 1258 utrum
995 1231 1087 1257 casu
1120 1220 1265 1258 factum
1299 1218 1350 1258 sit
1380 1231 1429 1258 an
1461 1231 1556 1258 con-

129 1290 230 1338 silio,
263 1301 343 1329 non
374 1288 484 1328 facile
515 1294 575 1345 est
605 1289 650 1328 ad
684 1288 990 1327 diiudicandum.
1039 1288 1136 1327 Cum
1172 1301 1261 1327 vero
1293 1295 1330 1327 et
1364 1288 1391 1326 Ε
1425 1288 1557 1327 multis

129 1359 224 1399 locis
249 1359 328 1398 hiet
348 1357 490 1410 quibus
514 1357 546 1396 H
577 1357 728 1408 integer
759 1364 818 1396 est
850 1364 888 1396 et
918 1357 947 1395 H
980 1356 1136 1408 saepius
1167 1370 1209 1396 ea
1243 1357 1366 1409 capita
1403 1356 1558 1396 omittat

126 1441 223 1480 quae
262 1427 291 1466 E
336 1427 470 1475 habet,
517 1439 686 1478 cumque
731 1425 758 1464 ii
804 1426 870 1477 qui
917 1438 981 1464 eos
1029 1425 1180 1465 codices
1223 1427 1467 1478 scripserunt
1503 1426 1555 1465 ita

125 1497 311 1550 epistulas
357 1495 633 1548 excerpserint‚
682 1501 725 1534 ut
764 1495 1014 1546 amputandis
1058 1495 1151 1534 totis
1191 1494 1383 1547 capitibus
1426 1500 1554 1533 tamen

125 1566 319 1618 quandam
351 1563 652 1617 perpetuitatem
686 1564 873 1602 orationis
906 1570 1121 1611 servarent,
1154 1577 1246 1603 cusu
1280 1577 1358 1603 non
1394 1563 1556 1602 consilio

127 1637 274 1675 factum
307 1646 393 1673 esse
425 1632 644 1685 opinamur,
677 1639 720 1671 ut
753 1631 811 1671 his
843 1632 938 1671 locis
970 1631 999 1670 E
1030 1645 1119 1671 cum
1155 1632 1186 1670 H
1219 1633 1455 1672 consentiat:

240 1703 296 1743 Ex
326 1703 379 1742 ΙΙΙ
401 1702 453 1742 23
496 1702 612 1741 habet
644 1701 676 1739 H
721 1707 837 1740 totam
872 1702 953 1749 §L
994 1700 1148 1749 §2—4
1189 1702 1262 1740 hoc
1300 1701 1416 1740 modo
1458 1701 1554 1740 hiat:

126 1776 149 1822 ξ
173 1774 195 1812 2
226 1773 325 1813 Nam
356 1785 400 1812 ea
429 1779 601 1811 veterum
629 1771 885 1820 [tribunormn
911 1770 966 1823 pl.
994 1773 1138 1822 royatio
1172 1801 1311 1809 .....
1344 1773 1366 1819 ς’
1390 1772 1414 1809 4
1446 1770 1554 1809 modo

129 1854 189 1882 res
220 1841 454 1895 conficiatur,
486 1853 550 1880 ero
581 1840 785 1889 contentus]
805 1842 879 1878 iam
913 1839 1054 1878 (Indum
1084 1841 1216 1891 pudet:
1251 1840 1279 1878 E
1311 1842 1332 1888 ξ
1360 1840 1375 1877 1
1410 1840 1452 1878 (Ie
1480 1846 1555 1878 tota

127 1911 281 1963 Pompei
314 1914 462 1950 ratione
499 1908 698 1962 perscribis
734 1909 784 1958 [in
816 1908 939 1948 altera
970 1909 1131 1960 epistula
1166 1939 1304 1947 .....
1345 1908 1420 1956 ξεΖ
1457 1915 1490 1947 et
1532 1921 1553 1946 a

127 2008 198 2048 quo
228 1998 274 2035 sit
297 1995 541 2040 inculcatum,
572 1994 668 2044 vide]
702 1981 728 2042 ff
773 1994 851 2033 Scis
878 1997 977 2034 enim
1002 1993 1177 2033 Clodium
1201 2024 1209 2032 .
1235 2025 1241 2031 .
1268 2024 1274 2031 .
1298 1993 1396 2033 illud
1428 1996 1550 2046 ipsum

127 2064 336 2116 asbroqatur
357 2072 389 2103 et
411 2063 453 2103 ε’.
475 2061 607 2116 [quo*)
630 2062 739 2103 modo
760 2075 841 2102 eam
864 2063 1048 2114 abroyarz‘
1066 2070 1234 2113 oporteat
1254 2092 1375 2101 .....
1399 2065 1422 2111 ἓ
1441 2062 1463 2101 3
1487 2063 1554 2102 hoc

128 2134 225 2186 quod
255 2145 297 2172 re
328 2145 418 2172 vera
450 2161 588 2170 .....
626 2134 649 2180 ξ
672 2132 696 2170 4
736 2132 847 2171 modo
878 2144 937 2171 res
969 2132 1202 2184 conficiatur,
1245 2144 1307 2171 ero
1346 2132 1553 2181 contentus]

128 2207 156 2268 (i
200 2217 282 2257 Iam
313 2217 456 2256 cludam
490 2247 498 2254 .
522 2246 529 2255 .
555 2231 583 2261 .;
630 2215 674 2263 N,
698 2217 743 2263 Ο,
770 2217 795 2255 Ρ
829 2217 966 2267 integri
999 2223 1103 2255 sunt.
1137 2240 1191 2244 —
1232 2217 1275 2255 vl
1304 2218 1338 2262 1,
1365 2216 1471 2255 1—<2
1504 2219 1555 2255 sic

127 2289 226 2326 enim
255 2286 424 2338 postulas
453 2286 531 2336 [nec
564 2285 822 2337 οἰκονομίαν
854 2299 976 2325 meam
1009 2316 1146 2324 .....
1186 2289 1208 2333 ξ
1232 2285 1255 2323 2
1297 2299 1339 2325 ac
1376 2293 1555 2336 putaram

122 2356 242 2408 paulo
279 2355 396 2404 secus]
433 2355 572 2406 Appias
601 2355 727 2405 [enim]
758 2355 808 2394 ad
839 2367 895 2393 me
929 2355 978 2393 11:
1020 2358 1071 2394 sic
1103 2358 1203 2394 enim
1233 2354 1412 2404 postulas.
1445 2361 1478 2392 et
1511 2353 1553 2391 ε’.

129 2425 207 2474 [nec
245 2424 502 2475 οἰκονομίαν
540 2436 664 2462 meam
697 2453 834 2461 .....
877 2423 960 2474 ξῖ]
990 2424 1130 2475 Appius
1170 2424 1292 2473 [enim]
1333 2424 1380 2461 ad
1420 2434 1474 2460 me
1507 2421 1554 2467 133

128 2495 228 2532 enim
258 2493 361 2543 quod
398 2499 559 2542 uterque
591 2492 710 2531 codex
741 2492 898 2539 omittit,
942 2491 1084 2531 mirum
1119 2499 1234 2538 esset,
1268 2491 1342 2529 nisi
1374 2493 1424 2529 sic
1455 2492 1554 2528 enim.

126 2560 295 2612 postulas
325 2561 590 2605 antecedm-eu
624 2573 727 2599 nunc
759 2573 847 2598 vero
881 2561 918 2599 in
949 2561 1008 2599 liis
1032 2561 1158 2599 verbis
1181 2563 1231 2598 sic
1253 2562 1352 2599 enim
1369 2559 1550 2610 postulas.

219 2685 252 2724 *)
277 2695 339 2727 quo
363 2696 427 2716 uon
453 2696 525 2716 eam
554 2685 604 2717 cd.
628 2684 846 2724 Wesenberg.

1275 2740 1338 2774 10ss
