1821 3077
764 159 1206 211 ἐμῇ-

281 280 349 320 sed
380 279 433 319 ita
465 284 510 318 ut
539 277 642 317 haud
682 278 817 329 paucis
847 277 940 316 locis
981 276 1080 323 hiet,
1117 276 1252 316 multis
1288 275 1382 315 loeis
1421 276 1530 316 foede
1567 276 1692 317 inter-

279 349 431 401 polatus
462 347 523 387 sit.
575 346 767 393 Quoniam
801 346 920 385 codex
943 345 991 384 ob
1019 345 1112 384 istas
1133 344 1451 397 interpolationes
1473 345 1691 386 reiciendus

278 431 362 457 esse
408 416 628 462 videbatur,
674 427 752 454 non
790 414 1076 466 quaesivimuS‚
1123 426 1218 453 num
1260 427 1306 453 ex
1343 413 1378 452 M
1417 421 1526 454 ortus
1566 420 1690 454 esset:

278 486 372 525 illud
430 492 579 525 certum
640 490 718 531 est,
775 490 813 523 et
866 483 985 523 istum
1043 483 1125 522 cod.
1186 488 1224 522 et
1274 482 1564 531 Bassiolensem,
1616 496 1693 534 quo

278 555 379 594 idem
432 553 616 593 Graevius
666 553 705 592 in
756 552 869 592 variis
919 551 1149 591 lectionibus
1195 551 1331 599 utitur,
1377 552 1417 591 in
1457 557 1497 592 Δ
1541 565 1692 605 ponen-

279 623 371 662 dum
403 635 498 662 esse.

395 703 438 755 6)
469 702 699 757 Franciscus
731 701 977 741 Robortellus
1014 701 1053 740 in
1085 713 1144 753 ep.
1176 701 1221 740 ad
1256 701 1297 740 P.
1328 701 1544 741 Victorium
1592 700 1694 741 Luca

281 773 381 819 data,
428 785 526 823 quae
563 778 622 811 est
657 773 696 811 in
728 771 826 810 libro
857 770 924 822 qui
955 770 1182 809 inscribitur
1213 769 1278 808 ‘CL
1310 769 1495 809 Italorum
1527 775 1566 809 et
1597 770 1694 809 Ger-

283 854 488 881 manorum
522 840 714 892 Epistolae
736 840 781 879 ad
804 839 846 878 P.
866 838 1090 878 Victorium.
1115 838 1175 877 ed.
1201 838 1424 877 Bandinius.
1466 838 1693 878 Florentiae.

282 910 401 950 1758’
448 911 462 949 1
494 923 530 961 p.
567 910 616 947 12
648 922 693 948 ex
739 908 907 960 quodam
945 907 1075 946 codice
1112 907 1297 946 lectiones
1337 908 1383 946 ad
1424 920 1508 959 epp.
1542 907 1587 946 ad
1619 910 1693 945 Att.

279 984 572 1025 commemorat,
615 991 713 1030 quae
745 990 832 1017 eum
867 977 1037 1016 codicem
1071 975 1249 1027 imperite
1280 981 1395 1027 atque
1427 975 1696 1027 imprudenter

281 1047 556 1099 interpolatum
590 1060 675 1086 esse
706 1046 883 1098 probant.

394 1130 435 1180 7)
467 1129 624 1168 Fulvius
657 1127 821 1166 Ursinus
854 1126 984 1165 codice
1007 1124 1243 1175 Longoliano
1267 1137 1361 1163 usus
1383 1130 1459 1171 est3
1491 1136 1575 1170 nos,
1605 1135 1693 1162 cum

279 1197 407 1236 Ursini
439 1197 580 1236 librum
614 1196 715 1235 nacti
748 1208 824 1234 uon
857 1195 999 1241 simus,
1039 1193 1141 1232 notis
1173 1193 1245 1240 eis,
1286 1205 1385 1243 quae
1415 1193 1452 1232 in
1484 1192 1543 1231 ed.
1578 1191 1695 1230 Lam-

281 1266 435 1304 biniana
481 1266 597 1304 altera
638 1278 671 1303 a.
706 1263 813 1302 1584
856 1270 948 1302 tom.
982 1262 1031 1301 ΙΙΙ
1079 1262 1166 1301 inde
1203 1274 1223 1301 a
1254 1275 1291 1314 p.
1324 1262 1401 1300 511
1450 1266 1694 1313 repetuntur,

281 1334 440 1373 utimur.
502 1334 556 1372 Ex
587 1333 729 1384 quibus
761 1333 863 1371 notis
895 1337 1064 1382 apparet,
1097 1330 1179 1369 cod.
1213 1330 1492 1380 Longolianum
1527 1329 1691 1367 similem

277 1416 364 1441 esse
388 1402 566 1442 editionis
589 1402 786 1441 Romanae
808 1401 823 1439 l
848 1401 910 1445 14,
937 1401 980 1442 1:
1011 1399 1044 1437 ΙΙ
1067 1399 1104 1445 6,
1131 1399 1170 1436 1;
1192 1397 1424 1436 coniecturis
1447 1398 1692 1448 inquinatum

277 1472 398 1510 fuisse
420 1471 527 1518 1⁷13,
551 1473 593 1518 ὃς
625 1471 659 1509 Χ
681 1471 718 1517 4,
742 1471 783 1517 63
816 1468 1000 1521 quicquid
1036 1468 1173 1506 melius
1210 1479 1325 1517 quam
1363 1466 1499 1516 reliqui
1536 1465 1688 1503 codices

279 1540 428 1586 habeat,
461 1539 681 1579 coniectura
714 1545 842 1577 ortum
876 1550 972 1576 esse.
1035 1537 1165 1586 {taque
1187 1535 1232 1573 ad
1255 1535 1327 1581 Qu.
1351 1537 1396 1572 fr.
1420 1534 1434 1572 Ι
1460 1534 1493 1579 1,
1515 1534 1565 1572 15
1597 1545 1688 1572 con-

279 1609 467 1647 iecturam
492 1607 791 1658 Wesenbergius
823 1619 869 1645 ex
901 1620 945 1644 eo
969 1605 1053 1644 cod.
1075 1604 1222 1656 recepit
1254 1604 1319 1649 (cf.
1341 1603 1386 1641 ad
1409 1608 1486 1641 Att.
1511 1602 1523 1640 l
1549 1602 1612 1648 14,
1638 1602 1691 1651 1),

279 1684 395 1728 atque
426 1677 470 1716 ad
503 1678 581 1716 Att.
614 1677 646 1715 ll
679 1676 760 1722 9‚1
797 1679 960 1726 oportuit
993 1686 1098 1713 mera
1129 1672 1350 1712 coniectura
1380 1679 1450 1710 est.

392 1765 434 1817 8)
465 1765 639 1804 Muretus
661 1778 707 1804 ex
724 1764 852 1804 codice
876 1764 1004 1803 Sirleti
1027 1762 1239 1802 Cardinalis
1261 1774 1339 1800 non
1361 1760 1485 1799 nullas
1507 1759 1691 1799 lectiones

285 1835 419 1881 adfert,
452 1834 594 1885 quibus
616 1833 864 1884 intellegitur,
887 1844 976 1871 eum
1001 1832 1083 1870 cod.
1108 1831 1144 1869 in
1171 1835 1210 1870 Δ
1233 1831 1350 1869 fuisse
1373 1828 1693 1878 coniecturasque

281 1903 474 1941 habuisse.
528 1902 580 1940 De
612 1901 742 1940 codice
765 1900 894 1939 Sirleti
917 1908 955 1940 et
983 1900 1029 1939 de
1051 1899 1133 1938 cod.
1156 1899 1394 1950 Longoliano
1416 1897 1512 1936 nihil
1542 1895 1693 1947 repperi

279 1972 317 2009 in
348 1971 448 2009 libro
484 1970 813 2022 praeclarissimo,
860 1969 924 2020 qui
972 1968 1198 2008 inscribitur
1245 1967 1308 2005 ‘La
1342 1965 1602 2016 bibliotheque
1648 1965 1693 2003 de

282 2039 417 2078 Fulvio
451 2039 580 2077 Orsini
613 2051 681 2090 par
714 2038 843 2076 l’ierre
875 2039 920 2076 de
952 2037 1107 2076 Nolhac.
1140 2036 1224 2074 Par.
1260 2034 1392 2074 1887&

394 2119 436 2169 9)
469 2120 593 2158 sodex
615 2118 933 2169 Stuttgardensis‚
966 2130 1010 2156 ex
1046 2129 1123 2168 quo
1146 2117 1352 2155 Graeterus
1384 2115 1422 2153 in
1456 2114 1514 2152 vt.
1547 2120 1585 2152 et
1614 2112 1692 2151 Vll.

283 2188 476 2227 volumine
509 2187 761 2239 epistularum
796 2200 815 2225 a
849 2186 1061 2225 Wielandio
1093 2192 1130 2225 et
1162 2185 1344 2224 Graetero
1386 2194 1582 2221 versarum
1615 2193 1692 2219 non

283 2257 407 2296 nullas
446 2257 630 2295 lectiones
669 2256 802 2299 adfert,
850 2254 1091 2294 coniecturas
1129 2254 1187 2291 vel
1224 2251 1540 2303 interpolationes
1580 2249 1694 2287 habet

282 2326 346 2365 XV
379 2326 415 2371 2,
439 2325 483 2371 23
517 2325 580 2363 XV
613 2323 678 2370 21,
701 2322 746 2370 23
778 2323 840 2362 XV
873 2323 939 2370 26,
962 2324 1006 2370 43
1038 2322 1120 2362 XVI
1155 2323 1189 2369 1,
1213 2323 1258 2368 53
1303 2322 1425 2360 bonae
1456 2330 1597 2370 eaeque
1628 2330 1693 2368 ge-

283 2394 426 2434 nuinae
457 2393 641 2432 lectiones
672 2405 691 2431 a
724 2392 907 2431 Graetero
938 2403 1016 2430 non
1049 2395 1420 2429 commemorantur.

399 2474 464 2522 10)
487 2473 585 2513 Cum
608 2484 818 2524 sperarem,
840 2471 878 2510 in
902 2471 1097 2510 Britannia
1120 2470 1270 2509 codices
1291 2482 1408 2521 posse
1428 2466 1604 2512 inveniri,
1626 2464 1692 2515 qui

283 2550 350 2583 aut
396 2542 542 2582 similes
588 2547 719 2580 essent
758 2540 960 2580 ENHORP
1006 2546 1072 2579 aut
1116 2539 1230 2578 etiam
1279 2537 1454 2577 meliores
1503 2558 1553 2562 —
1603 2545 1690 2572 nam

286 2611 453 2651 maxime
495 2611 659 2649 interest
703 2610 801 2648 scire
832 2621 951 2660 ecqua
988 2608 1193 2660 progenies
1230 2620 1276 2646 ex
1306 2606 1336 2645 Y
1367 2610 1514 2644 servata
1545 2603 1596 2641 sit
1625 2624 1691 2646 —,

283 2680 323 2720 L.
356 2679 395 2719 C.
429 2679 641 2718 Purserum
682 2679 938 2730 professorem
972 2676 1246 2716 Dublinensem
1279 2673 1424 2724 rogavi,
1463 2678 1506 2712 ut
1542 2671 1692 2710 codices
