1821 3077
780 121 883 123 ⁷*—
955 97 1032 136 104
1095 120 1210 123 --

286 214 440 263 Lougo)
465 214 585 252 multo
608 213 730 264 pluris
763 222 872 252 sunt:
906 226 995 252 nam
1018 226 1104 252 cum
1129 221 1291 260 constet,
1324 214 1459 264 quanti
1483 214 1692 254 Lambinus

285 282 310 319 Z
342 282 614 323 aestimaverit.
647 282 719 321 ista
751 289 841 321 nota
874 295 985 333 saepe
1017 283 1131 321 valet:
1165 282 1228 321 ‘ita
1261 283 1301 321 L.
1335 282 1373 321 in
1406 289 1532 321 vetere
1563 283 1693 323 codice

286 350 453 401 repperit
504 362 666 401 eamque
718 351 920 389 lectionem
968 350 1171 402 probavit’3
1216 363 1452 402 quamquam
1503 365 1536 390 V.
1579 365 1607 391 c.
1656 360 1694 392 et

286 419 437 470 Ltmgo)
471 419 654 457 maiorem
686 419 800 458 habet
832 419 1115 466 auctoritatem,
1148 419 1211 458 ubi
1243 432 1331 458 cum
1361 419 1545 467 Turnebi,
1578 421 1691 468 Bosii‚

286 487 462 526 Lambini
493 487 807 526 adnotationibus
839 501 883 526 ex
916 487 941 526 Z
973 487 1178 526 consentit.
1232 490 1267 537 e)
1299 501 1335 539 q.
1361 501 1391 526 v.
1415 501 1447 527 c.
1479 495 1590 528 caute
1625 490 1693 528 ad-

285 555 441 594 hibendi
461 563 571 601 sunu
593 569 682 595 nam
706 569 747 595 ea
770 563 858 595 nota
881 556 1101 608 complures
1123 556 1271 595 codices
1293 557 1692 609 comprehenduntur.

285 625 320 672 f)
352 624 505 675 Longo)
538 637 626 663 cum
670 626 741 664 hoc
780 625 897 663 valeat
937 625 999 663 ‘ita
1031 625 1243 664 Lambinus
1275 625 1391 664 scribi
1422 626 1535 666 iussit
1565 627 1694 678 itaque

284 693 364 743 ipse
402 692 441 730 in
480 699 586 731 textu
623 693 826 744 posuisset,
866 694 896 732 si
933 694 991 732 ed.
1026 701 1125 745 post.
1165 694 1362 739 curasset'‚
1401 707 1489 734 cum
1527 696 1693 735 maxima

284 760 463 799 cautione
495 761 755 800 adhibendum
790 768 866 810 est;
901 763 965 800 ubi
996 763 1113 813 igitur
1136 762 1291 813 L1mgo)
1322 775 1410 801 cum
1443 764 1467 802 Z
1500 765 1695 804 consentit

285 837 351 868 aut
382 842 469 868 cum
495 829 542 866 W
573 838 639 868 aut
670 830 784 868 etiam
817 843 905 869 cum
929 831 974 875 Σ,
1006 830 1118 869 lectio
1141 844 1186 869 ex
1209 830 1234 869 Z
1257 831 1409 870 videtur
1430 832 1566 871 hausta
1589 845 1694 878 esse;

288 898 352 936 ubi
386 910 474 937 vero
504 898 658 949 L(mgo)
691 899 793 937 nulla
826 906 928 938 certa
960 899 1122 937 lectione
1153 899 1418 940 confirmatur.
1451 901 1696 940 coniecturae

287 966 408 1005 instar
440 973 509 1005 est.
557 971 592 1017 g)
626 967 679 1006 al.
703 968 886 1007 lectiones
918 981 963 1006 ex
994 967 1077 1007 aliis
1099 968 1334 1007 editionibus
1357 968 1547 1019 significat
1567 976 1694 1021 atque,

284 1047 372 1073 cum
420 1035 500 1086 ipse
549 1043 675 1075 textus
721 1037 776 1075 ed.
815 1044 911 1088 post.
954 1035 1226 1075 Lambinianae
1271 1037 1464 1089 pessimus
1510 1037 1570 1084 sit,
1617 1050 1695 1076 non

285 1116 498 1155 numquam
532 1117 620 1143 cum
654 1105 851 1144 codicibus
883 1105 1095 1150 consentin
1141 1118 1229 1144 cum
1272 1118 1360 1145 vero
1403 1118 1468 1144 eae
1498 1106 1694 1152 lectiones,

284 1185 381 1224 qnae
421 1173 475 1211 al.
508 1180 706 1219 notantur,
750 1186 827 1212 uon
861 1187 905 1212 ex
937 1174 1029 1226 ipsis
1061 1174 1256 1213 codicibus
1289 1174 1353 1213 sed
1386 1187 1431 1213 ex
1462 1174 1696 1213 editionibus

285 1242 444 1280 haustae
475 1241 564 1286 sint,
596 1242 741 1281 nullius
775 1243 961 1281 momenti
985 1255 1048 1282 eas
1071 1255 1155 1281 esse
1176 1242 1314 1282 iudico.
1364 1243 1404 1289 h)
1438 1244 1545 1282 fort.
1570 1255 1694 1282 meras

285 1310 526 1348 coniecturas
567 1311 710 1349 indicat
750 1323 875 1362 neque
917 1324 981 1350 eae
1023 1312 1207 1350 lectiones
1237 1311 1283 1350 ad
1315 1311 1582 1355 recensendas,
1627 1312 1694 1351 sed

286 1378 330 1416 ad
369 1378 627 1417 emendandas
659 1378 843 1429 epistulas
875 1379 1112 1418 adhibendae
1144 1386 1246 1418 sunt.
1298 1380 1327 1429 i)
1358 1380 1444 1432 Ipse
1476 1387 1603 1420 textus
1635 1381 1693 1418 ed.

287 1454 387 1498 post.
408 1447 678 1486 Lambinianae
711 1448 821 1486 nihili
853 1456 909 1486 est
943 1461 1065 1499 neque
1097 1448 1339 1488 adhibendus
1371 1456 1429 1488 est
1459 1449 1533 1488 nisi
1563 1449 1609 1487 ad
1633 1461 1696 1487 eas

287 1516 470 1555 lectiones
502 1529 599 1567 quae
630 1516 667 1555 in
702 1517 872 1568 margine
905 1524 997 1556 sunt
1029 1517 1286 1556 illustrandas.

401 1586 442 1635 7)
475 1585 540 1623 ΖΒ
561 1600 618 1615 Ξ
640 1585 743 1624 Bosii
783 1586 1051 1625 adnotationes
1091 1599 1135 1624 ex
1167 1586 1192 1624 Z
1231 1586 1269 1624 in
1302 1586 1470 1625 editione
1502 1585 1697 1625 Ciceronis

287 1654 332 1692 ad
377 1654 547 1692 Atticum
592 1654 859 1706 epistularum,
910 1667 1007 1705 quae
1053 1655 1195 1706 prodiit
1239 1655 1400 1694 Ratiasti
1446 1654 1695 1693 Lemovicum

286 1735 317 1760 a.
353 1721 470 1761 1580.
530 1722 728 1774 Repetitae
769 1729 859 1762 sunt
902 1723 1036 1761 eodem
1069 1736 1169 1762 anno
1201 1723 1445 1763 Francofurti
1476 1723 1515 1761 in
1547 1723 1697 1761 officina

288 1789 529 1829 Wecheliana
560 1798 599 1830 et
629 1791 687 1830 bis
713 1794 759 1838 (a.
790 1791 892 1830 1582
917 1799 955 1830 et
983 1791 1103 1841 1585)
1127 1792 1368 1843 Antnerpiae
1400 1791 1501 1843 apud
1524 1791 1696 1830 Christo-

286 1859 453 1910 phorum
477 1859 719 1899 Plautinum:
751 1861 789 1899 in
823 1860 1052 1912 repetitione
1077 1861 1316 1900 I'tantiniana
1339 1860 1441 1911 quod
1465 1859 1695 1910 inscriptum

286 1935 345 1966 est
386 1927 524 1967 ‘Editio
563 1929 609 1967 ab
642 1929 909 1968 emendatione
943 1929 1063 1980 ipsius
1094 1929 1263 1968 auctoris
1294 1928 1454 1975 ultima'‚
1500 1940 1594 1966 vana
1640 1933 1699 1966 est

288 1996 460 2043 iactati03
490 1997 587 2036 nibil
617 1997 719 2036 enim
753 1997 926 2036 additum
959 2005 1024 2036 aut
1055 2007 1272 2037 correctum
1305 2004 1364 2036 est
1394 2009 1520 2048 neque
1551 1995 1627 2034 ulla
1657 2008 1697 2034 re

286 2065 381 2104 istae
420 2065 671 2116 repetitiones
710 2079 729 2104 a
760 2067 856 2105 libro
889 2066 1061 2117 principe
1093 2066 1278 2105 differunt
1309 2066 1383 2104 nisi
1414 2065 1530 2104 rebus
1563 2064 1692 2103 ortho-

286 2133 478 2186 graphicis
509 2140 547 2173 et
577 2135 773 2173 erroribus
807 2135 1102 2186 typographicis.

401 2202 556 2241 Bosium
591 2203 931 2242 mendacissimum
965 2203 1085 2242 fuisse
1117 2202 1314 2242 hominem
1352 2214 1479 2253 neque
1510 2213 1695 2252 umquam

287 2271 545 2311 Crusellinum
575 2279 613 2310 et
648 2271 896 2310 Decurtatum
933 2272 1082 2311 codices
1118 2271 1236 2310 fuisse
1267 2283 1383 2323 supra
1406 2283 1441 2322 p.
1461 2270 1483 2308 3
1507 2269 1696 2316 diximus3

287 2342 416 2392 itaque
461 2346 565 2379 recte
610 2345 649 2378 et
681 2339 871 2391 Hauptius
913 2348 951 2379 et
982 2340 1226 2379 Hofmannus
1268 2340 1486 2379 cautionem
1524 2338 1697 2377 adbiberi

289 2409 435 2455 iubent,
469 2421 558 2447 cum
589 2409 633 2447 de
657 2408 721 2446 ΖΒ
743 2415 888 2459 agatur,
923 2409 1024 2460 quod
1047 2409 1239 2448 incertum
1263 2408 1324 2454 sit,
1355 2420 1432 2458 quo
1454 2408 1536 2446 loco
1559 2407 1696 2446 Bosius

290 2477 474 2516 mentitus
507 2477 567 2523 sit,
600 2490 676 2528 quo
706 2477 789 2515 loco
822 2489 949 2515 veram
983 2490 1027 2515 ex
1050 2477 1075 2515 Z
1106 2477 1311 2516 lectionem
1343 2476 1500 2515 adferat.
1550 2476 1695 2514 Tamen

288 2558 370 2591 noS‚
402 2546 472 2584 etsi
504 2545 606 2584 cauti
637 2545 794 2591 erimus,
828 2558 915 2583 raro
937 2546 1093 2584 Bosium
1127 2546 1165 2583 in
1191 2545 1215 2583 Z
1248 2544 1455 2584 adferendo
1489 2544 1694 2582 mentitum

287 2627 370 2653 esse
401 2614 607 2661 credimus,
644 2614 812 2666 primum
851 2615 953 2665 quod
994 2614 1139 2653 bomini
1177 2614 1393 2653 timendum
1432 2619 1524 2659 erat,
1557 2625 1618 2659 ne,
1664 2612 1697 2650 si
