1821 3077
615 111 633 113 ,
662 110 729 112 c„
792 85 846 127 35
911 110 1025 113 —L

109 204 320 258 recipiatur
363 218 459 244 neve
506 210 635 244 tamen
684 206 918 256 neglegatur,
965 205 1069 256 quod
1116 204 1332 251 nesciinus,
1384 217 1431 244 an
1477 205 1528 243 ita

111 274 262 314 codices
293 273 495 314 Cratandri
526 273 745 313 habuerint.
783 272 785 275 ’

222 344 308 391 Quo
348 342 497 382 facilius
538 349 737 395 appareat,
785 343 877 394 quid
909 342 936 381 C
968 349 1007 381 et
1036 355 1056 381 c
1094 342 1168 381 iarn
1205 342 1370 389 valeant7
1418 349 1528 382 notas

110 418 264 452 nostras
295 411 505 465 explicabo.

375 481 403 521 C
433 499 489 513 =
519 480 632 520 lectio
663 480 866 520 Cratandri
897 482 935 520 in
971 480 1142 531 margine
1175 487 1325 524 novata,

374 563 395 589 c
426 567 480 583 =
510 549 624 589 lectio
657 550 859 589 Cratandri
890 550 929 588 in
965 556 1070 588 textu
1102 555 1252 595 novata,

374 618 458 658 A¹C
488 637 543 652 =
575 620 602 658 C
633 619 881 658 consentiens
913 632 1001 657 cum
1035 616 1094 665 ΑΙ,

373 687 475 727 A¹2c
504 705 560 722 =
591 701 611 727 c
641 688 889 727 consentiens·
921 700 1009 726 cum
1045 685 1127 725 Am.

586 1033 628 1087 C
656 1039 705 1085 A
732 1034 774 1085 P
801 1033 852 1084 U
879 1034 922 1085 T
976 1034 1040 1090 V.

387 1280 450 1319 DE
496 1280 673 1320 CODlCE
721 1281 1039 1321 TURNESIANO
1072 1300 1128 1315 =
1159 1281 1246 1332 Z*).

219 1384 357 1424 Codice
379 1385 620 1425 Turnesiano
645 1387 711 1436 (ita
744 1387 960 1438 appellatur
991 1400 1010 1425 a
1036 1386 1238 1435 Lambino)
1274 1387 1329 1425 vel
1352 1386 1524 1425 Tornae-

106 1454 212 1492 siano
246 1454 304 1492 usi
337 1460 432 1493 sunt
462 1455 519 1493 vel
552 1455 734 1494 videntur
766 1457 823 1494 usi
855 1469 958 1494 esse:

228 1524 260 1569 l)
292 1522 334 1561 Ρ.
364 1522 550 1562 Pithoeus
600 1525 634 1563 in
681 1524 779 1563 libro
827 1525 892 1575 qui
939 1524 1166 1563 inscribitur
1205 1524 1522 1563 Adversarioruin

106 1590 398 1630 subsecivorum
423 1591 529 1630 Libri
555 1592 596 1630 ΙΙ.
644 1593 801 1632 Parisiis
839 1593 955 1632 1565.
1010 1593 1194 1632 Pithoeus
1227 1606 1316 1632 eun}
1350 1594 1522 1632 codicem

106 1660 338 1699 nominatim
385 1673 462 1699 non
509 1661 644 1707 adfert,
692 1662 757 1700 sed
807 1669 972 1700 veterem
1022 1669 1059 1700 et
1104 1662 1297 1713 optimum
1340 1663 1525 1714 appellat3

105 1741 193 1767 cum
229 1741 317 1767 vero
346 1721 600 1768 Pitlioeus'in
634 1743 709 1768 non
745 1731 858 1769 nullis
890 1730 1122 1769 lectionibus
1154 1744 1242 1769 cuni
1278 1732 1455 1770 Lambini
1487 1740 1525 1770 et

105 1797 207 1836 Bosii
254 1797 569 1837 adnotationibus
616 1799 848 1844 consentiat,
896 1800 977 1838 iure
1015 1800 1197 1851 philologi
1238 1805 1319 1839 noer
1347 1801 1523 1839 dubitare

104 1866 296 1911 videntur,
344 1866 437 1917 quin
469 1867 656 1906 Pithoeus
687 1868 771 1919 ipso
803 1868 1045 1907 'l'urncsiano
1094 1882 1186 1908 usus
1233 1869 1298 1908 sit:
1347 1883 1427 1916 nos,
1476 1883 1523 1909 ne

107 1934 222 1974 nimis
260 1935 500 1975 confidenter
531 1936 577 1974 de
609 1937 842 1975 lectionibus
874 1951 891 1975 a
925 1937 1084 1976 Pithoeo
1116 1951 1161 1976 ex
1193 1938 1218 1976 Z
1251 1939 1386 1978 adlatis
1418 1939 1522 1990 loqui

106 2004 315 2050 videamur,
347 2004 387 2043 in
420 2005 588 2043 editione
622 2006 716 2044 ‘cod.
745 2005 856 2044 Pitn!
889 2019 1093 2058 ponemus.
1144 2007 1290 2046 l’itlioei
1324 2008 1520 2051 lectiones,

104 2085 201 2123 quae
233 2085 376 2124 paucae
408 2080 511 2112 sunt.
545 2075 654 2126 plane
686 2076 946 2126 negleguntur
977 2090 995 2114 a
1030 2076 1193 2121 Baitero,
1236 2077 1470 2116 adhibentur
1502 2091 1520 2116 a

107 2141 394 2192 Wesenbergio.

216 2211 256 2257 2)
281 2211 369 2249 Adr.
384 2211 589 2250 Turnebus
611 2211 649 2250 in
673 2212 923 2252 Adversariis.
963 2213 1171 2252 Turnebus
1193 2214 1365 2253 codicem
1391 2216 1519 2253 nonii-

104 2279 224 2318 natim
262 2292 338 2318 non
376 2280 517 2326 adl'ert3
555 2281 622 2319 sed
657 2280 865 2321 Lambinus
898 2282 935 2320 in
969 2283 1055 2321 adn.
1088 2284 1132 2320 ad
1167 2284 1223 2320 ed.
1249 2283 1363 2334 prior.
1392 2284 1470 2321 xvi
1494 2286 1517 2321 6

103 2350 304 2396 (numeros
326 2349 538 2387 adferimus
559 2362 604 2388 ex
626 2350 683 2388 ed.
706 2350 873 2401 Baiter),
907 2351 970 2390 Vll
998 2351 1091 2391 1:311,
1127 2352 1227 2390 idem
1258 2352 1302 2390 ad
1334 2352 1392 2390 ed.
1417 2360 1518 2404 post.

195 2523 221 2561 *)
247 2520 280 2553 In
320 2521 435 2553 multis
473 2521 572 2552 rebus
609 2532 680 2552 cuin
708 2520 899 2554 Detlcfseno
938 2524 1113 2556 consentio
1147 2525 1200 2565 qui
1228 2524 1266 2554 dc
1292 2523 1316 2555 Z
1345 2524 1375 2554 iu
1403 2524 1517 2567 Suppl.

104 2576 216 2607 Jahrb.
235 2574 309 2608 fuer
327 2576 425 2608 class.
445 2575 633 2615 philologio
661 2576 727 2607 vol.
746 2575 784 2607 lll
812 2588 839 2607 a.
862 2578 1036 2609 1857—‹50
1062 2579 1255 2620 disputavit,
1285 2579 1314 2609 in
1336 2590 1396 2609 non
1419 2580 1518 2610 nullis

104 2641 176 2662 cum
204 2629 237 2662 F.
259 2629 441 2662 Schmidtio
470 2631 500 2661 in
529 2629 705 2671 Festgrul's
732 2641 770 2661 an
799 2630 1014 2674 Heerwagen.
1066 2633 1200 2672 lii-lang.
1233 2633 1326 2664 1852.
