1821 3077
757 152 1200 193 ——128—

273 270 312 308 in
335 269 551 315 Germania,
584 282 699 320 quem
734 269 872 308 Beatus
904 269 1114 308 Rhenanus
1144 270 1247 321 legit,
1279 277 1317 309 et.
1339 270 1547 310 Cratander
1580 271 1683 309 vide-

272 342 337 377 tur
368 344 538 384 secutus,
578 343 616 377 et
647 338 684 376 hi
716 350 882 389 quoque,
915 344 959 376 ut
989 344 1158 390 apparet,
1191 338 1391 385 dimidiati,
1429 346 1468 378 et
1497 339 1682 391 corrupti,

272 419 317 446 ex
363 406 421 445 his
466 405 620 444 difficile
666 412 786 452 esset,
833 406 891 445 vel
921 406 1051 458 potius
1082 407 1193 459 plane
1226 403 1439 446 ἀδύνατον
1469 407 1520 446 ita
1552 407 1683 446 omnia

272 475 490 521 restituere,
513 481 557 514 ut
578 474 675 513 nihil
697 474 958 514 desiderares<
993 475 1177 526 Quisquis
1201 488 1376 515 severum
1397 475 1555 514 Corradi
1576 476 1683 526 inge-

272 543 381 583 nium
406 550 445 583 et
465 542 652 583 iudicium
681 543 877 594 cognitum
902 542 1069 593 habebit,
1103 544 1258 584 doctum
1283 544 1481 584 hominem
1505 545 1550 582 de
1571 544 1685 583 Beato

272 611 459 651 Rhenano
492 624 572 650 rem
606 611 764 650 finxisse
796 624 870 650 non
903 613 1051 652 credet:
1091 625 1161 652 nos
1193 626 1280 652 cum
1315 626 1392 652 non
1425 613 1684 659 crederemus,

271 679 412 719 librum
465 679 839 732 praeclarissimum,
889 681 955 732 qui
1004 681 1230 721 inscribitur
1281 681 1569 721 ‘Briefwechsel
1619 680 1686 719 des

274 747 413 787 Beatus
478 748 700 787 Rhenanus.
790 749 1025 789 Gesammelt
1090 751 1169 789 und
1236 749 1547 801 herausgegeben
1614 761 1686 788 von

273 816 336 855 Dr.
359 817 541 856 Adalbert
572 816 761 856 Horawitz
794 818 871 856 und
903 818 966 857 Dr.
990 819 1080 858 Karl
1112 818 1338 858 Hartfelder’
1371 819 1514 870 quique
1538 816 1688 869 Lipsiae

275 899 306 924 a.
333 885 440 925 1886
471 886 628 938 prodiit.
675 886 886 926 evolvimus
917 887 956 926 in
988 900 1110 939 eoque
1143 888 1235 926 haec
1266 887 1498 926 invenimus.
1559 885 1687 925 Pridie

277 954 355 994 Kal.
379 954 466 994 Dec.
490 967 522 993 a.
555 954 655 994 1527
679 955 730 994 Io.
757 955 979 995 Hntlichius
1002 957 1038 995 in
1062 969 1104 995 ea
1127 957 1303 1008 epistula,
1335 968 1433 1007 quae
1454 961 1513 993 est
1533 967 1570 1006 p.
1593 953 1686 1001 372,

274 1023 367 1062 haec
399 1023 549 1062 scribit:
598 1022 809 1075 ‘Scripsisti‚
856 1027 911 1063 mi
939 1024 1062 1070 Beate,
1108 1026 1152 1065 de
1183 1023 1476 1077 incomparabili
1503 1023 1687 1063 librorum

276 1091 462 1137 thesauro,
481 1104 589 1144 quem
606 1092 786 1131 attulerat
802 1091 1020 1132 sichardus.
1052 1093 1148 1138 Vide,
1171 1106 1215 1132 ne
1232 1097 1401 1145 imponat
1416 1093 1686 1143 inscriptiones,

274 1166 316 1198 ut
348 1172 432 1199 cum
454 1159 626 1213 Philippo
657 1168 691 1200 et
716 1160 901 1201 Clemente
931 1163 1085 1212 fecerat.
1139 1161 1192 1201 De
1215 1163 1411 1202 Ammiano
1440 1173 1515 1200 non
1548 1160 1687 1205 dubim,

276 1231 368 1280 quin
388 1228 535 1279 phrasis
556 1229 736 1268 iudicium
756 1230 887 1281 faciat,
918 1243 964 1268 ne
984 1230 1051 1282 fiat
1071 1233 1292 1281 impostura.
1341 1229 1551 1269 Laudanda
1572 1235 1689 1268 essent

275 1297 436 1337 hominis
465 1299 628 1337 studiant
662 1306 695 1337 et
726 1298 844 1343 labor,
876 1300 910 1338 si
937 1310 1016 1337 rem
1050 1311 1127 1337 non
1159 1306 1283 1350 ageret
1312 1298 1448 1338 suam'.
1472 1321 1524 1325 —
1549 1298 1688 1336 Beatus

276 1364 486 1405 Rhenanus
532 1366 568 1404 in
611 1368 729 1417 praes.
767 1367 812 1405 ad
861 1367 1070 1405 editionem
1102 1367 1328 1406 Tertulliani
1374 1367 1546 1413 alteram,
1591 1377 1688 1416 quae

277 1434 421 1486 prodiit
454 1434 619 1473 Basileae
650 1449 682 1473 a.
709 1434 827 1476 1528.
872 1436 963 1474 haec
995 1436 1130 1475 scribit
1161 1436 1213 1487 (p.
1239 1435 1338 1486 376)
1369 1434 1500 1474 ‘Porro
1533 1434 1688 1473 libenter

277 1502 502 1542 addidissem
548 1516 699 1542 carmen
734 1502 958 1543 Tertulliani
999 1505 1040 1543 de
1087 1503 1337 1543 Sodomorum
1382 1503 1687 1554 conslayratione‚

279 1571 375 1623 quod
400 1572 550 1622 pridem
582 1570 740 1611 Ioannes
761 1571 968 1611 Sicltardus
998 1580 1123 1612 noster
1153 1575 1191 1612 in
1213 1572 1530 1612 Laurislzeimensi
1557 1571 1689 1611 biblio-

275 1639 376 1678 theca
407 1643 556 1691 reperit,
604 1653 677 1692 qua
706 1640 827 1686 nulla,
875 1642 972 1693 quod
1001 1644 1129 1687 sciam,
1163 1644 1350 1692 prooeimis
1379 1641 1512 1680 seculis
1540 1642 1688 1692 uspiam

277 1708 380 1747 bonis
424 1709 622 1748 autoribus
665 1710 742 1761 suit
786 1712 1017 1755 instructior,
1068 1710 1380 1761 quemadmodum
1424 1717 1529 1749 vetus
1572 1709 1688 1748 iudea:

278 1783 448 1822 testatur,
481 1779 621 1828 optima
651 1778 723 1830 fide
750 1778 965 1830 propediem
995 1781 1035 1817 in
1066 1778 1186 1818 lucem
1216 1781 1401 1824 exiturus,
1433 1785 1475 1817 ut
1497 1784 1687 1830 appareat,

279 1852 463 1897 quantum
499 1846 698 1886 discrimen
734 1846 868 1886 adierit
910 1846 1121 1898 respublica
1159 1847 1330 1886 literaria
1365 1850 1404 1886 in
1441 1850 1520 1887 eius
1557 1846 1688 1886 biblio-

278 1915 401 1954 thecae
437 1915 686 1967 dissipmione.
744 1913 933 1954 Carminis
967 1917 1104 1954 initum
1135 1912 1202 1966 (⁵3)
1233 1922 1286 1954 est
1308 1945 1446 1956 .....
1498 1914 1573 1954 Sed
1602 1915 1690 1966 quia

276 1984 603 2023 mendosissimum
633 1972 716 2023 erat
747 1990 779 2022 et
809 1986 952 2023 amicus
981 1983 1043 2023 ille
1073 1990 1209 2029 noster,
1243 1987 1307 2035 qui
1324 1986 1474 2035 reperit,
1505 1995 1585 2022 una
1606 1994 1690 2023 cum

279 2052 443 2103 prolixo,
489 2064 622 2091 verum
658 2062 845 2103 perquam
882 2053 1044 2104 eleganti
1080 2055 1246 2091 carmine
1282 2051 1463 2092 Victorini
1492 2052 1611 2104 Aphri
1645 2051 1689 2091 de

279 2121 516 2161 Macltabaeis
553 2128 587 2159 et
623 2123 710 2159 item
749 2120 834 2159 aliis
870 2123 1064 2160 vetustatis
1099 2121 1324 2172 fraqmeitti's
1363 2122 1467 2161 brevi
1496 2120 1691 2160 dediturus

278 2197 348 2236 est,
372 2241 374 2243 q
394 2201 471 2228 non
517 2189 623 2228 libuit
668 2202 749 2228 eam
794 2190 1008 2229 coronidem
1052 2201 1154 2229 nunc
1199 2190 1385 2229 adiicere'.
1419 2213 1470 2217 -—
1520 2189 1690 2239 Denique

283 2258 458 2298 Sichardi
495 2257 731 2296 mentionem
755 2258 894 2296 Beatus
931 2258 1021 2297 facit
1055 2258 1093 2296 in
1132 2258 1294 2310 epistula
1331 2272 1363 2298 a.
1387 2259 1422 2298 d.
1445 2258 1496 2297 ΙΙΙ
1519 2258 1598 2297 Kal.
1620 2256 1690 2296 Iul.

280 2339 311 2365 a.
347 2326 451 2365 1531
499 2326 545 2365 ad
578 2326 797 2365 Gabrielum
828 2326 1130 2377 Humelbergum
1176 2327 1261 2366 data
1293 2327 1347 2379 (p.
1371 2326 1468 2375 398)
1502 2325 1691 2365 ‘Miseram

281 2402 365 2434 ante
397 2395 587 2434 biennium
614 2393 797 2434 Sichardo
828 2407 911 2434 mea
939 2395 1168 2446 fragmenta,
1199 2396 1263 2435 sed
1292 2399 1444 2435 interim
1474 2406 1692 2446 responsum

281 2464 433 2503 nullum
464 2464 509 2503 ab
542 2475 582 2503 eo
612 2466 743 2515 recepi,
774 2475 840 2502 nec
870 2462 938 2502 ubi
966 2463 1130 2503 locorum
1162 2476 1263 2503 itanc
1285 2471 1383 2516 ayat,
1413 2463 1531 2503 novi’.
1554 2485 1607 2490 —
1637 2461 1693 2500 Ex

282 2532 325 2571 iis
356 2544 455 2583 quae
485 2531 597 2571 attuli
627 2537 784 2583 apparet
807 2531 1035 2570 Sicliardum
1068 2544 1110 2570 re
1142 2545 1228 2571 vera
1250 2532 1362 2585 paulo
1393 2538 1481 2571 ante
1512 2543 1544 2570 a.
1572 2530 1691 2576 1528,

281 2613 358 2650 quo
389 2613 490 2639 anno
513 2600 615 2639 Crat.
638 2599 835 2639 Ciceronis
868 2613 983 2652 opera
1015 2600 1146 2647 edidit,
1178 2600 1328 2640 codices
1359 2599 1547 2651 quosdam
1577 2599 1692 2637 Beato

282 2668 469 2707 Rhene-no
497 2675 562 2707 aut
585 2668 803 2707 vendidisse
825 2675 890 2707 aut
911 2669 1177 2708 commodasse
1197 2669 1440 2719 eundemque
1463 2668 1690 2708 Sichardum
