<?xml version="1.0" encoding="UTF-8"?>
<!DOCTYPE html PUBLIC "-//W3C//DTD XHTML 1.0 Transitional//EN"
    "http://www.w3.org/TR/xhtml1/DTD/xhtml1-transitional.dtd">
<html xmlns="http://www.w3.org/1999/xhtml" xml:lang="en" lang="en">
 <head>
  <title>
</title>
<meta http-equiv="Content-Type" content="text/html;charset=utf-8" />
  <meta name='ocr-system' content='tesseract 3.04.00' />
  <meta name='ocr-capabilities' content='ocr_page ocr_carea ocr_par ocr_line ocrx_word'/>
</head>
<body>
  <div class='ocr_page' id='page_1' title='image "./deciceronisadatt00lehmuoft_0174.png"; bbox 0 0 1821 3077; ppageno 0'>
   <div class='ocr_carea' id='block_1_1' title="bbox 711 149 1153 189">
    <p class='ocr_par' dir='ltr' id='par_1_1' title="bbox 711 149 1153 189">
     <span class='ocr_line' id='line_1_1' title="bbox 711 149 1153 189; baseline 0.005 -1"><span class='ocrx_word' id='word_1_1' title='bbox 711 172 827 176; x_wconf 57' lang='lat'>&gt;—</span> <span class='ocrx_word' id='word_1_2' title='bbox 892 149 975 189; x_wconf 87' lang='lat'>164</span> <span class='ocrx_word' id='word_1_3' title='bbox 1037 172 1153 176; x_wconf 47' lang='grc'>*-</span> 
     </span>
    </p>
   </div>
   <div class='ocr_carea' id='block_1_2' title="bbox 220 265 1644 2578">
    <p class='ocr_par' dir='ltr' id='par_1_2' title="bbox 220 265 1644 1549">
     <span class='ocr_line' id='line_1_2' title="bbox 223 265 1639 318; baseline 0.001 -15"><span class='ocrx_word' id='word_1_4' title='bbox 223 266 331 304; x_wconf 79' lang='lat' dir='ltr'>facile</span> <span class='ocrx_word' id='word_1_5' title='bbox 363 270 521 316; x_wconf 86' lang='lat' dir='ltr'>apparet</span> <span class='ocrx_word' id='word_1_6' title='bbox 552 276 678 316; x_wconf 88' lang='lat' dir='ltr'>neque</span> <span class='ocrx_word' id='word_1_7' title='bbox 710 265 878 305; x_wconf 86' lang='lat' dir='ltr'>dubitari</span> <span class='ocrx_word' id='word_1_8' title='bbox 909 271 1050 317; x_wconf 85' lang='lat' dir='ltr'>potest,</span> <span class='ocrx_word' id='word_1_9' title='bbox 1097 265 1189 317; x_wconf 84' lang='lat' dir='ltr'>quin</span> <span class='ocrx_word' id='word_1_10' title='bbox 1232 265 1504 304; x_wconf 79' lang='lat' dir='ltr'>emendatione</span> <span class='ocrx_word' id='word_1_11' title='bbox 1542 278 1639 318; x_wconf 89' lang='lat' dir='ltr'>opus</span> 
     </span>
     <span class='ocr_line' id='line_1_3' title="bbox 222 333 1640 385; baseline 0.001 -13"><span class='ocrx_word' id='word_1_12' title='bbox 222 334 293 372; x_wconf 84' lang='lat' dir='ltr'>sit:</span> <span class='ocrx_word' id='word_1_13' title='bbox 325 333 416 371; x_wconf 91' lang='lat' dir='ltr'>illud</span> <span class='ocrx_word' id='word_1_14' title='bbox 449 335 715 384; x_wconf 87' lang='lat' dir='ltr'>quaerendum</span> <span class='ocrx_word' id='word_1_15' title='bbox 749 340 842 381; x_wconf 81' lang='lat' dir='ltr'>erat,</span> <span class='ocrx_word' id='word_1_16' title='bbox 874 346 951 385; x_wconf 90' lang='lat' dir='ltr'>quo</span> <span class='ocrx_word' id='word_1_17' title='bbox 976 334 1090 372; x_wconf 91' lang='lat' dir='ltr'>modo</span> <span class='ocrx_word' id='word_1_18' title='bbox 1113 335 1225 373; x_wconf 85' lang='lat' dir='ltr'>verba</span> <span class='ocrx_word' id='word_1_19' title='bbox 1248 334 1488 373; x_wconf 86' lang='lat' dir='ltr'>emendanda</span> <span class='ocrx_word' id='word_1_20' title='bbox 1511 341 1640 374; x_wconf 78' lang='lat' dir='ltr'>essent</span> 
     </span>
     <span class='ocr_line' id='line_1_4' title="bbox 224 401 1638 454; baseline 0.001 -15"><span class='ocrx_word' id='word_1_21' title='bbox 224 408 340 452; x_wconf 87' lang='lat' dir='ltr'>atque</span> <span class='ocrx_word' id='word_1_22' title='bbox 364 401 465 440; x_wconf 89' lang='lat' dir='ltr'>unde</span> <span class='ocrx_word' id='word_1_23' title='bbox 487 401 533 450; x_wconf 91' lang='lat' dir='ltr'>ei,</span> <span class='ocrx_word' id='word_1_24' title='bbox 566 402 631 453; x_wconf 92' lang='lat' dir='ltr'>qui</span> <span class='ocrx_word' id='word_1_25' title='bbox 655 403 935 441; x_wconf 76' lang='lat' dir='ltr'>emendaturus</span> <span class='ocrx_word' id='word_1_26' title='bbox 967 408 1062 448; x_wconf 87' lang='lat' dir='ltr'>erat,</span> <span class='ocrx_word' id='word_1_27' title='bbox 1092 402 1244 441; x_wconf 86' lang='lat' dir='ltr'>initium</span> <span class='ocrx_word' id='word_1_28' title='bbox 1270 402 1500 454; x_wconf 78' lang='lat' dir='ltr'>capiendum</span> <span class='ocrx_word' id='word_1_29' title='bbox 1524 409 1638 442; x_wconf 85' lang='lat' dir='ltr'>esset.</span> 
     </span>
     <span class='ocr_line' id='line_1_5' title="bbox 222 469 1640 522; baseline 0.001 -14"><span class='ocrx_word' id='word_1_30' title='bbox 222 469 273 508; x_wconf 92' lang='lat' dir='ltr'>De</span> <span class='ocrx_word' id='word_1_31' title='bbox 308 473 486 521; x_wconf 70' lang='lat' dir='ltr'>proxime</span> <span class='ocrx_word' id='word_1_32' title='bbox 532 470 627 509; x_wconf 90' lang='lat' dir='ltr'>nibil</span> <span class='ocrx_word' id='word_1_33' title='bbox 675 471 780 519; x_wconf 69' lang='lat' dir='ltr'>dico,</span> <span class='ocrx_word' id='word_1_34' title='bbox 826 470 918 509; x_wconf 91' lang='lat' dir='ltr'>illud</span> <span class='ocrx_word' id='word_1_35' title='bbox 965 476 1135 522; x_wconf 78' lang='lat' dir='ltr'>apparet,</span> <span class='ocrx_word' id='word_1_36' title='bbox 1177 484 1264 510; x_wconf 87' lang='lat' dir='ltr'>cum</span> <span class='ocrx_word' id='word_1_37' title='bbox 1314 471 1351 509; x_wconf 91' lang='lat' dir='ltr'>in</span> <span class='ocrx_word' id='word_1_38' title='bbox 1399 470 1640 510; x_wconf 86' lang='lat' dir='ltr'>Turnesiano</span> 
     </span>
     <span class='ocr_line' id='line_1_6' title="bbox 223 537 1641 590; baseline 0.001 -14"><span class='ocrx_word' id='word_1_39' title='bbox 223 537 439 589; x_wconf 65' lang='lat' dir='ltr'>Pompeium</span> <span class='ocrx_word' id='word_1_40' title='bbox 469 538 590 578; x_wconf 82' lang='lat' dir='ltr'>fuisse</span> <span class='ocrx_word' id='word_1_41' title='bbox 621 545 659 577; x_wconf 84' lang='lat' dir='ltr'>et</span> <span class='ocrx_word' id='word_1_42' title='bbox 691 539 830 578; x_wconf 83' lang='lat' dir='ltr'>Rosius</span> <span class='ocrx_word' id='word_1_43' title='bbox 861 545 899 578; x_wconf 80' lang='lat' dir='ltr'>et</span> <span class='ocrx_word' id='word_1_44' title='bbox 932 538 1143 577; x_wconf 78' lang='lat' dir='ltr'>Lambinus</span> <span class='ocrx_word' id='word_1_45' title='bbox 1185 545 1302 578; x_wconf 83' lang='lat' dir='ltr'>testes</span> <span class='ocrx_word' id='word_1_46' title='bbox 1351 539 1430 578; x_wconf 78' lang='lat' dir='ltr'>sint</span> <span class='ocrx_word' id='word_1_47' title='bbox 1475 552 1641 590; x_wconf 83' lang='lat' dir='ltr'>eumque</span> 
     </span>
     <span class='ocr_line' id='line_1_7' title="bbox 221 605 1638 658; baseline 0.003 -15"><span class='ocrx_word' id='word_1_48' title='bbox 221 605 320 644; x_wconf 82' lang='lat' dir='ltr'>idem</span> <span class='ocrx_word' id='word_1_49' title='bbox 374 607 616 645; x_wconf 78' lang='lat' dir='ltr'>accusativus</span> <span class='ocrx_word' id='word_1_50' title='bbox 677 607 777 658; x_wconf 88' lang='lat' dir='ltr'>apud</span> <span class='ocrx_word' id='word_1_51' title='bbox 831 607 1056 646; x_wconf 78' lang='lat' dir='ltr'>Diomedem</span> <span class='ocrx_word' id='word_1_52' title='bbox 1108 606 1349 655; x_wconf 86' lang='lat' dir='ltr'>inveniatur,</span> <span class='ocrx_word' id='word_1_53' title='bbox 1410 607 1638 647; x_wconf 85' lang='lat' dir='ltr'>vocabulum</span> 
     </span>
     <span class='ocr_line' id='line_1_8' title="bbox 223 674 1640 727; baseline 0.001 -14"><span class='ocrx_word' id='word_1_54' title='bbox 223 674 437 726; x_wconf 71' lang='lat' dir='ltr'>Pompeium</span> <span class='ocrx_word' id='word_1_55' title='bbox 486 687 564 713; x_wconf 93' lang='lat' dir='ltr'>non</span> <span class='ocrx_word' id='word_1_56' title='bbox 607 688 692 713; x_wconf 88' lang='lat' dir='ltr'>esse</span> <span class='ocrx_word' id='word_1_57' title='bbox 731 675 1014 727; x_wconf 82' lang='lat' dir='ltr'>temptandum.</span> <span class='ocrx_word' id='word_1_58' title='bbox 1076 675 1221 714; x_wconf 81' lang='lat' dir='ltr'>Tamen</span> <span class='ocrx_word' id='word_1_59' title='bbox 1268 682 1373 715; x_wconf 86' lang='lat' dir='ltr'>tanta</span> <span class='ocrx_word' id='word_1_60' title='bbox 1420 677 1493 715; x_wconf 87' lang='lat' dir='ltr'>fuit</span> <span class='ocrx_word' id='word_1_61' title='bbox 1532 689 1640 715; x_wconf 78' lang='lat' dir='ltr'>vere-</span> 
     </span>
     <span class='ocr_line' id='line_1_9' title="bbox 222 743 1640 796; baseline 0.002 -15"><span class='ocrx_word' id='word_1_62' title='bbox 222 743 360 781; x_wconf 83' lang='lat' dir='ltr'>cundia</span> <span class='ocrx_word' id='word_1_63' title='bbox 402 743 543 782; x_wconf 84' lang='lat' dir='ltr'>eodieis</span> <span class='ocrx_word' id='word_1_64' title='bbox 576 743 747 791; x_wconf 87' lang='lat' dir='ltr'>Medicei,</span> <span class='ocrx_word' id='word_1_65' title='bbox 783 750 824 783; x_wconf 85' lang='lat' dir='ltr'>ut</span> <span class='ocrx_word' id='word_1_66' title='bbox 858 744 1001 782; x_wconf 81' lang='lat' dir='ltr'>Keilius</span> <span class='ocrx_word' id='word_1_67' title='bbox 1035 743 1092 781; x_wconf 89' lang='lat' dir='ltr'>vir</span> <span class='ocrx_word' id='word_1_68' title='bbox 1123 743 1395 794; x_wconf 78' lang='lat' dir='ltr'>sagacissimus</span> <span class='ocrx_word' id='word_1_69' title='bbox 1418 751 1640 796; x_wconf 85' lang='lat' dir='ltr'>contempta</span> 
     </span>
     <span class='ocr_line' id='line_1_10' title="bbox 220 811 1639 852; baseline 0.002 -3"><span class='ocrx_word' id='word_1_70' title='bbox 220 811 416 849; x_wconf 85' lang='lat' dir='ltr'>Diomedis</span> <span class='ocrx_word' id='word_1_71' title='bbox 463 824 552 850; x_wconf 89' lang='lat' dir='ltr'>cum</span> <span class='ocrx_word' id='word_1_72' title='bbox 599 811 842 850; x_wconf 90' lang='lat' dir='ltr'>Turnesiano</span> <span class='ocrx_word' id='word_1_73' title='bbox 888 813 1143 851; x_wconf 84' lang='lat' dir='ltr'>consensione</span> <span class='ocrx_word' id='word_1_74' title='bbox 1187 811 1382 851; x_wconf 86' lang='lat' dir='ltr'>Diomedis</span> <span class='ocrx_word' id='word_1_75' title='bbox 1428 813 1541 852; x_wconf 83' lang='lat' dir='ltr'>verba</span> <span class='ocrx_word' id='word_1_76' title='bbox 1593 813 1639 852; x_wconf 90' lang='lat' dir='ltr'>ad</span> 
     </span>
     <span class='ocr_line' id='line_1_11' title="bbox 226 879 1644 928; baseline 0.003 -11"><span class='ocrx_word' id='word_1_77' title='bbox 226 891 402 918; x_wconf 87' lang='lat' dir='ltr'>normam</span> <span class='ocrx_word' id='word_1_78' title='bbox 438 879 597 918; x_wconf 78' lang='lat' dir='ltr'>Medicei</span> <span class='ocrx_word' id='word_1_79' title='bbox 631 880 871 919; x_wconf 87' lang='lat' dir='ltr'>emendanda</span> <span class='ocrx_word' id='word_1_80' title='bbox 905 894 988 919; x_wconf 83' lang='lat' dir='ltr'>esse</span> <span class='ocrx_word' id='word_1_81' title='bbox 1021 881 1207 919; x_wconf 85' lang='lat' dir='ltr'>crederet.</span> <span class='ocrx_word' id='word_1_82' title='bbox 1246 904 1300 909; x_wconf 84' lang='lat'>———</span> <span class='ocrx_word' id='word_1_83' title='bbox 1338 881 1386 920; x_wconf 87' lang='lat' dir='ltr'>vl</span> <span class='ocrx_word' id='word_1_84' title='bbox 1421 883 1455 928; x_wconf 87' lang='lat'>1,</span> <span class='ocrx_word' id='word_1_85' title='bbox 1479 881 1531 920; x_wconf 80' lang='lat'>25</span> <span class='ocrx_word' id='word_1_86' title='bbox 1574 881 1644 922; x_wconf 64' lang='lat' dir='ltr'>Hic</span> 
     </span>
     <span class='ocr_line' id='line_1_12' title="bbox 230 947 1641 1001; baseline 0.003 -16"><span class='ocrx_word' id='word_1_87' title='bbox 230 947 362 985; x_wconf 72' lang='lat' dir='ltr'>Vedius</span> <span class='ocrx_word' id='word_1_88' title='bbox 393 950 491 986; x_wconf 67' lang='lat' dir='ltr'>vem&#39;t</span> <span class='ocrx_word' id='word_1_89' title='bbox 522 948 616 987; x_wconf 72' lang='lat' dir='ltr'>milei</span> <span class='ocrx_word' id='word_1_90' title='bbox 644 949 791 988; x_wconf 75' lang='lat' dir='ltr'>obviam</span> <span class='ocrx_word' id='word_1_91' title='bbox 815 962 897 988; x_wconf 77' lang='lat' dir='ltr'>cnm</span> <span class='ocrx_word' id='word_1_92' title='bbox 922 949 1066 988; x_wconf 74' lang='lat' dir='ltr'>(luobus</span> <span class='ocrx_word' id='word_1_93' title='bbox 1095 950 1247 996; x_wconf 71' lang='lat' dir='ltr'>essedis3</span> <span class='ocrx_word' id='word_1_94' title='bbox 1280 949 1330 988; x_wconf 88' lang='lat' dir='ltr'>ita</span> <span class='ocrx_word' id='word_1_95' title='bbox 1353 950 1401 997; x_wconf 86' lang='lat' dir='ltr'>M,</span> <span class='ocrx_word' id='word_1_96' title='bbox 1434 951 1499 1001; x_wconf 89' lang='lat' dir='ltr'>qni</span> <span class='ocrx_word' id='word_1_97' title='bbox 1522 951 1641 989; x_wconf 80' lang='lat' dir='ltr'>codex</span> 
     </span>
     <span class='ocr_line' id='line_1_13' title="bbox 224 1016 1640 1070; baseline 0.003 -17"><span class='ocrx_word' id='word_1_98' title='bbox 224 1022 304 1053; x_wconf 88' lang='lat' dir='ltr'>tum</span> <span class='ocrx_word' id='word_1_99' title='bbox 341 1016 466 1054; x_wconf 88' lang='lat' dir='ltr'>medio</span> <span class='ocrx_word' id='word_1_100' title='bbox 498 1016 593 1055; x_wconf 87' lang='lat' dir='ltr'>XlV.</span> <span class='ocrx_word' id='word_1_101' title='bbox 627 1017 780 1056; x_wconf 82' lang='lat' dir='ltr'>saeculo</span> <span class='ocrx_word' id='word_1_102' title='bbox 812 1018 981 1069; x_wconf 74' lang='lat' dir='ltr'>scriptus</span> <span class='ocrx_word' id='word_1_103' title='bbox 1019 1030 1104 1056; x_wconf 88' lang='lat' dir='ltr'>esse</span> <span class='ocrx_word' id='word_1_104' title='bbox 1136 1018 1367 1069; x_wconf 70' lang='lat' dir='ltr'>putabatur3</span> <span class='ocrx_word' id='word_1_105' title='bbox 1414 1026 1452 1058; x_wconf 86' lang='lat' dir='ltr'>at</span> <span class='ocrx_word' id='word_1_106' title='bbox 1485 1019 1542 1066; x_wconf 84' lang='lat' dir='ltr'>W,</span> <span class='ocrx_word' id='word_1_107' title='bbox 1575 1019 1640 1070; x_wconf 85' lang='lat' dir='ltr'>qui</span> 
     </span>
     <span class='ocr_line' id='line_1_14' title="bbox 222 1083 1642 1138; baseline 0.003 -16"><span class='ocrx_word' id='word_1_108' title='bbox 222 1083 286 1122; x_wconf 76' lang='lat' dir='ltr'>xl.</span> <span class='ocrx_word' id='word_1_109' title='bbox 310 1084 367 1122; x_wconf 73' lang='lat' dir='ltr'>vel</span> <span class='ocrx_word' id='word_1_110' title='bbox 389 1084 471 1123; x_wconf 74' lang='lat' dir='ltr'>xit.</span> <span class='ocrx_word' id='word_1_111' title='bbox 496 1085 648 1124; x_wconf 83' lang='lat' dir='ltr'>saeculo</span> <span class='ocrx_word' id='word_1_112' title='bbox 671 1087 839 1138; x_wconf 87' lang='lat' dir='ltr'>scriptus</span> <span class='ocrx_word' id='word_1_113' title='bbox 862 1093 932 1132; x_wconf 83' lang='lat' dir='ltr'>est,</span> <span class='ocrx_word' id='word_1_114' title='bbox 963 1087 1056 1125; x_wconf 72' lang='lat' dir='ltr'>mihi</span> <span class='ocrx_word' id='word_1_115' title='bbox 1083 1086 1228 1125; x_wconf 66' lang='lat' dir='ltr'>obviam</span> <span class='ocrx_word' id='word_1_116' title='bbox 1250 1089 1359 1126; x_wconf 70' lang='lat' dir='ltr'>venit.</span> <span class='ocrx_word' id='word_1_117' title='bbox 1401 1087 1499 1133; x_wconf 83' lang='lat' dir='ltr'>Quid</span> <span class='ocrx_word' id='word_1_118' title='bbox 1521 1085 1642 1138; x_wconf 76' lang='lat' dir='ltr'>ergo?</span> 
     </span>
     <span class='ocr_line' id='line_1_15' title="bbox 226 1151 1641 1207; baseline 0.004 -18"><span class='ocrx_word' id='word_1_119' title='bbox 226 1151 308 1190; x_wconf 88' lang='lat' dir='ltr'>Utri</span> <span class='ocrx_word' id='word_1_120' title='bbox 372 1153 493 1191; x_wconf 79' lang='lat' dir='ltr'>codici</span> <span class='ocrx_word' id='word_1_121' title='bbox 553 1155 766 1206; x_wconf 80' lang='lat' dir='ltr'>parendum</span> <span class='ocrx_word' id='word_1_122' title='bbox 829 1167 913 1193; x_wconf 80' lang='lat' dir='ltr'>esse</span> <span class='ocrx_word' id='word_1_123' title='bbox 972 1152 1151 1195; x_wconf 72' lang='lat' dir='ltr'>videtur?</span> <span class='ocrx_word' id='word_1_124' title='bbox 1211 1154 1305 1193; x_wconf 87' lang='lat' dir='ltr'>Nam</span> <span class='ocrx_word' id='word_1_125' title='bbox 1369 1168 1494 1207; x_wconf 88' lang='lat' dir='ltr'>neque</span> <span class='ocrx_word' id='word_1_126' title='bbox 1545 1156 1641 1195; x_wconf 88' lang='lat' dir='ltr'>ratio</span> 
     </span>
     <span class='ocr_line' id='line_1_16' title="bbox 230 1221 1639 1275; baseline 0.004 -17"><span class='ocrx_word' id='word_1_127' title='bbox 230 1233 355 1271; x_wconf 89' lang='lat' dir='ltr'>neque</span> <span class='ocrx_word' id='word_1_128' title='bbox 386 1221 540 1272; x_wconf 80' lang='lat' dir='ltr'>linguae</span> <span class='ocrx_word' id='word_1_129' title='bbox 578 1222 733 1262; x_wconf 77' lang='lat' dir='ltr'>Latinae</span> <span class='ocrx_word' id='word_1_130' title='bbox 765 1223 900 1275; x_wconf 84' lang='lat' dir='ltr'>peritia</span> <span class='ocrx_word' id='word_1_131' title='bbox 935 1223 1035 1270; x_wconf 86' lang='lat' dir='ltr'>t&#39;acit,</span> <span class='ocrx_word' id='word_1_132' title='bbox 1083 1231 1125 1262; x_wconf 89' lang='lat' dir='ltr'>ut</span> <span class='ocrx_word' id='word_1_133' title='bbox 1156 1224 1264 1262; x_wconf 79' lang='lat' dir='ltr'>alteri</span> <span class='ocrx_word' id='word_1_134' title='bbox 1295 1224 1451 1264; x_wconf 84' lang='lat' dir='ltr'>lectioni</span> <span class='ocrx_word' id='word_1_135' title='bbox 1481 1225 1639 1263; x_wconf 79' lang='lat' dir='ltr'>alteram</span> 
     </span>
     <span class='ocr_line' id='line_1_17' title="bbox 227 1291 1640 1344; baseline 0.003 -16"><span class='ocrx_word' id='word_1_136' title='bbox 227 1292 501 1330; x_wconf 74' lang='lat' dir='ltr'>anteferamus.</span> <span class='ocrx_word' id='word_1_137' title='bbox 562 1291 708 1330; x_wconf 85' lang='lat' dir='ltr'>Tamen</span> <span class='ocrx_word' id='word_1_138' title='bbox 741 1291 923 1344; x_wconf 83' lang='lat' dir='ltr'>philologi</span> <span class='ocrx_word' id='word_1_139' title='bbox 955 1292 1124 1331; x_wconf 86' lang='lat' dir='ltr'>Medieeo</span> <span class='ocrx_word' id='word_1_140' title='bbox 1155 1299 1382 1344; x_wconf 85' lang='lat' dir='ltr'>paruerunt,</span> <span class='ocrx_word' id='word_1_141' title='bbox 1418 1293 1465 1331; x_wconf 90' lang='lat' dir='ltr'>W</span> <span class='ocrx_word' id='word_1_142' title='bbox 1495 1293 1640 1332; x_wconf 82' lang='grc'><strong>161666-</strong></span> 
     </span>
     <span class='ocr_line' id='line_1_18' title="bbox 222 1359 1642 1401; baseline 0.003 -5"><span class='ocrx_word' id='word_1_143' title='bbox 222 1364 336 1401; x_wconf 82' lang='lat' dir='ltr'>runt,</span> <span class='ocrx_word' id='word_1_144' title='bbox 398 1359 509 1398; x_wconf 82' lang='lat' dir='ltr'>cuius</span> <span class='ocrx_word' id='word_1_145' title='bbox 558 1360 761 1398; x_wconf 83' lang='lat' dir='ltr'>lectionem</span> <span class='ocrx_word' id='word_1_146' title='bbox 817 1367 854 1399; x_wconf 84' lang='lat' dir='ltr'>et</span> <span class='ocrx_word' id='word_1_147' title='bbox 899 1360 960 1399; x_wconf 86' lang='lat' dir='ltr'>bic</span> <span class='ocrx_word' id='word_1_148' title='bbox 1006 1366 1043 1399; x_wconf 78' lang='lat' dir='ltr'>et</span> <span class='ocrx_word' id='word_1_149' title='bbox 1085 1360 1169 1400; x_wconf 88' lang='lat' dir='ltr'>aliis</span> <span class='ocrx_word' id='word_1_150' title='bbox 1216 1361 1308 1400; x_wconf 88' lang='lat' dir='ltr'>locis</span> <span class='ocrx_word' id='word_1_151' title='bbox 1364 1367 1508 1400; x_wconf 85' lang='lat' dir='ltr'>rectam</span> <span class='ocrx_word' id='word_1_152' title='bbox 1558 1374 1642 1400; x_wconf 79' lang='lat' dir='ltr'>esse</span> 
     </span>
     <span class='ocr_line' id='line_1_19' title="bbox 223 1428 1642 1479; baseline 0.002 -15"><span class='ocrx_word' id='word_1_153' title='bbox 223 1439 328 1465; x_wconf 89' lang='lat' dir='ltr'>nunc</span> <span class='ocrx_word' id='word_1_154' title='bbox 350 1428 387 1466; x_wconf 81' lang='grc' dir='ltr'><em>Σ</em></span> <span class='ocrx_word' id='word_1_155' title='bbox 406 1428 560 1479; x_wconf 88' lang='lat' dir='ltr'>probat:</span> <span class='ocrx_word' id='word_1_156' title='bbox 596 1428 701 1479; x_wconf 88' lang='lat' dir='ltr'>atqui</span> <span class='ocrx_word' id='word_1_157' title='bbox 733 1440 945 1479; x_wconf 83' lang='lat' dir='ltr'>numquam</span> <span class='ocrx_word' id='word_1_158' title='bbox 971 1428 1105 1467; x_wconf 81' lang='lat' dir='ltr'>debuit</span> <span class='ocrx_word' id='word_1_159' title='bbox 1125 1428 1286 1468; x_wconf 86' lang='lat' dir='ltr'>dubium</span> <span class='ocrx_word' id='word_1_160' title='bbox 1311 1442 1407 1477; x_wconf 80' lang='lat' dir='ltr'>esse,</span> <span class='ocrx_word' id='word_1_161' title='bbox 1439 1429 1477 1468; x_wconf 91' lang='lat' dir='ltr'>in</span> <span class='ocrx_word' id='word_1_162' title='bbox 1503 1429 1642 1468; x_wconf 86' lang='lat' dir='ltr'>talibus</span> 
     </span>
     <span class='ocr_line' id='line_1_20' title="bbox 223 1495 1339 1549; baseline 0.004 -17"><span class='ocrx_word' id='word_1_163' title='bbox 223 1496 338 1533; x_wconf 86' lang='lat' dir='ltr'>rebus</span> <span class='ocrx_word' id='word_1_164' title='bbox 372 1495 416 1532; x_wconf 84' lang='lat' dir='ltr'>W</span> <span class='ocrx_word' id='word_1_165' title='bbox 450 1497 633 1535; x_wconf 88' lang='lat' dir='ltr'>maiorem</span> <span class='ocrx_word' id='word_1_166' title='bbox 668 1497 809 1536; x_wconf 88' lang='lat' dir='ltr'>babere</span> <span class='ocrx_word' id='word_1_167' title='bbox 839 1498 1107 1536; x_wconf 79' lang='lat' dir='ltr'>auctoritatem</span> <span class='ocrx_word' id='word_1_168' title='bbox 1143 1511 1257 1549; x_wconf 87' lang='lat' dir='ltr'>quam</span> <span class='ocrx_word' id='word_1_169' title='bbox 1291 1498 1339 1536; x_wconf 88' lang='lat' dir='ltr'>M.</span> 
     </span>
    </p>

    <p class='ocr_par' dir='ltr' id='par_1_3' title="bbox 225 1564 1644 2578">
     <span class='ocr_line' id='line_1_21' title="bbox 335 1564 1642 1618; baseline 0.001 -15"><span class='ocrx_word' id='word_1_170' title='bbox 335 1564 430 1603; x_wconf 88' lang='lat' dir='ltr'>Cum</span> <span class='ocrx_word' id='word_1_171' title='bbox 484 1578 591 1604; x_wconf 85' lang='lat' dir='ltr'>nunc</span> <span class='ocrx_word' id='word_1_172' title='bbox 649 1572 802 1605; x_wconf 86' lang='lat' dir='ltr'>constet</span> <span class='ocrx_word' id='word_1_173' title='bbox 847 1565 880 1603; x_wconf 77' lang='lat' dir='ltr'><strong>M</strong></span> <span class='ocrx_word' id='word_1_174' title='bbox 931 1566 978 1604; x_wconf 90' lang='lat' dir='ltr'>ab</span> <span class='ocrx_word' id='word_1_175' title='bbox 1028 1566 1111 1618; x_wconf 75' lang='lat' dir='ltr'>ipso</span> <span class='ocrx_word' id='word_1_176' title='bbox 1163 1566 1369 1606; x_wconf 83' lang='lat' dir='ltr'>Petrarcha</span> <span class='ocrx_word' id='word_1_177' title='bbox 1421 1579 1497 1606; x_wconf 92' lang='lat' dir='ltr'>non</span> <span class='ocrx_word' id='word_1_178' title='bbox 1557 1579 1642 1605; x_wconf 83' lang='lat' dir='ltr'>esse</span> 
     </span>
     <span class='ocr_line' id='line_1_22' title="bbox 225 1632 1640 1686; baseline 0.004 -17"><span class='ocrx_word' id='word_1_179' title='bbox 225 1632 428 1683; x_wconf 78' lang='lat' dir='ltr'>scriptum,</span> <span class='ocrx_word' id='word_1_180' title='bbox 463 1633 639 1673; x_wconf 88' lang='lat' dir='ltr'>mirabile</span> <span class='ocrx_word' id='word_1_181' title='bbox 670 1634 833 1681; x_wconf 85' lang='lat' dir='ltr'>videtur,</span> <span class='ocrx_word' id='word_1_182' title='bbox 868 1640 1012 1673; x_wconf 84' lang='lat' dir='ltr'>tantam</span> <span class='ocrx_word' id='word_1_183' title='bbox 1047 1648 1231 1686; x_wconf 84' lang='lat' dir='ltr'>umquam</span> <span class='ocrx_word' id='word_1_184' title='bbox 1264 1635 1433 1674; x_wconf 85' lang='lat' dir='ltr'>Mediceo</span> <span class='ocrx_word' id='word_1_185' title='bbox 1472 1635 1640 1674; x_wconf 85' lang='lat' dir='ltr'>auctori-</span> 
     </span>
     <span class='ocr_line' id='line_1_23' title="bbox 226 1702 1640 1755; baseline 0.003 -16"><span class='ocrx_word' id='word_1_186' title='bbox 226 1706 340 1739; x_wconf 82' lang='lat' dir='ltr'>tatem</span> <span class='ocrx_word' id='word_1_187' title='bbox 377 1702 560 1741; x_wconf 85' lang='lat' dir='ltr'>tributam</span> <span class='ocrx_word' id='word_1_188' title='bbox 595 1715 693 1741; x_wconf 81' lang='lat' dir='ltr'>esse.</span> <span class='ocrx_word' id='word_1_189' title='bbox 754 1702 998 1754; x_wconf 85' lang='lat' dir='ltr'>Quamquam</span> <span class='ocrx_word' id='word_1_190' title='bbox 1033 1704 1105 1742; x_wconf 86' lang='lat' dir='ltr'>erit</span> <span class='ocrx_word' id='word_1_191' title='bbox 1136 1704 1202 1755; x_wconf 84' lang='lat' dir='ltr'>qui</span> <span class='ocrx_word' id='word_1_192' title='bbox 1233 1704 1280 1751; x_wconf 87' lang='lat' dir='ltr'>M,</span> <span class='ocrx_word' id='word_1_193' title='bbox 1329 1704 1401 1743; x_wconf 85' lang='lat' dir='ltr'>etsi</span> <span class='ocrx_word' id='word_1_194' title='bbox 1440 1704 1521 1755; x_wconf 87' lang='lat' dir='ltr'>ipse</span> <span class='ocrx_word' id='word_1_195' title='bbox 1552 1716 1640 1743; x_wconf 88' lang='lat' dir='ltr'>eum</span> 
     </span>
     <span class='ocr_line' id='line_1_24' title="bbox 226 1769 1643 1825; baseline 0.003 -18"><span class='ocrx_word' id='word_1_196' title='bbox 226 1769 327 1807; x_wconf 72' lang='lat' dir='ltr'>l’etr.</span> <span class='ocrx_word' id='word_1_197' title='bbox 360 1783 436 1808; x_wconf 93' lang='lat' dir='ltr'>non</span> <span class='ocrx_word' id='word_1_198' title='bbox 476 1771 706 1819; x_wconf 78' lang='lat' dir='ltr'>exaraverit,</span> <span class='ocrx_word' id='word_1_199' title='bbox 743 1778 869 1810; x_wconf 87' lang='lat' dir='ltr'>tamen</span> <span class='ocrx_word' id='word_1_200' title='bbox 902 1784 921 1810; x_wconf 94' lang='lat' dir='ltr'>e</span> <span class='ocrx_word' id='word_1_201' title='bbox 953 1772 1082 1812; x_wconf 84' lang='lat' dir='ltr'>codice</span> <span class='ocrx_word' id='word_1_202' title='bbox 1114 1773 1326 1811; x_wconf 80' lang='lat' dir='ltr'>Veronensi</span> <span class='ocrx_word' id='word_1_203' title='bbox 1359 1773 1416 1811; x_wconf 84' lang='lat' dir='ltr'>vel</span> <span class='ocrx_word' id='word_1_204' title='bbox 1446 1773 1576 1825; x_wconf 85' lang='lat' dir='ltr'>potius</span> <span class='ocrx_word' id='word_1_205' title='bbox 1598 1786 1643 1811; x_wconf 85' lang='lat' dir='ltr'>ex</span> 
     </span>
     <span class='ocr_line' id='line_1_25' title="bbox 225 1839 1644 1893; baseline 0.004 -18"><span class='ocrx_word' id='word_1_206' title='bbox 225 1851 269 1876; x_wconf 85' lang='lat' dir='ltr'>eo</span> <span class='ocrx_word' id='word_1_207' title='bbox 311 1840 549 1891; x_wconf 76' lang='lat' dir='ltr'>apographo,</span> <span class='ocrx_word' id='word_1_208' title='bbox 596 1841 698 1891; x_wconf 87' lang='lat' dir='ltr'>quod</span> <span class='ocrx_word' id='word_1_209' title='bbox 745 1840 829 1892; x_wconf 88' lang='lat' dir='ltr'>ipse</span> <span class='ocrx_word' id='word_1_210' title='bbox 873 1840 976 1879; x_wconf 86' lang='lat' dir='ltr'>Petr.</span> <span class='ocrx_word' id='word_1_211' title='bbox 1019 1839 1246 1889; x_wconf 81' lang='lat' dir='ltr'>cont&#39;ecit*),</span> <span class='ocrx_word' id='word_1_212' title='bbox 1293 1843 1510 1893; x_wconf 85' lang='lat' dir='ltr'>profectum</span> <span class='ocrx_word' id='word_1_213' title='bbox 1559 1854 1644 1881; x_wconf 85' lang='grc'><strong>6556</strong></span> 
     </span>
     <span class='ocr_line' id='line_1_26' title="bbox 226 1908 1642 1960; baseline 0.004 -16"><span class='ocrx_word' id='word_1_214' title='bbox 226 1908 445 1946; x_wconf 74' lang='lat' dir='ltr'>contendat.</span> <span class='ocrx_word' id='word_1_215' title='bbox 506 1908 630 1955; x_wconf 83' lang='lat' dir='ltr'>Quem</span> <span class='ocrx_word' id='word_1_216' title='bbox 665 1909 695 1947; x_wconf 89' lang='lat' dir='ltr'>si</span> <span class='ocrx_word' id='word_1_217' title='bbox 728 1909 962 1960; x_wconf 79' lang='lat' dir='ltr'>rogabimus,</span> <span class='ocrx_word' id='word_1_218' title='bbox 996 1922 1065 1949; x_wconf 87' lang='lat' dir='ltr'>cur</span> <span class='ocrx_word' id='word_1_219' title='bbox 1096 1910 1147 1948; x_wconf 84' lang='lat' dir='ltr'>ita</span> <span class='ocrx_word' id='word_1_220' title='bbox 1179 1911 1398 1958; x_wconf 84' lang='lat' dir='ltr'>contendat,</span> <span class='ocrx_word' id='word_1_221' title='bbox 1432 1911 1527 1949; x_wconf 89' lang='lat' dir='ltr'>nibil</span> <span class='ocrx_word' id='word_1_222' title='bbox 1559 1923 1642 1949; x_wconf 83' lang='lat' dir='ltr'>esse</span> 
     </span>
     <span class='ocr_line' id='line_1_27' title="bbox 226 1976 1642 2031; baseline 0.004 -19"><span class='ocrx_word' id='word_1_223' title='bbox 226 1976 486 2026; x_wconf 82' lang='lat' dir='ltr'>respondebit,</span> <span class='ocrx_word' id='word_1_224' title='bbox 534 1990 603 2016; x_wconf 86' lang='lat' dir='ltr'>cur</span> <span class='ocrx_word' id='word_1_225' title='bbox 634 1977 667 2015; x_wconf 83' lang='lat' dir='ltr'><strong>M</strong></span> <span class='ocrx_word' id='word_1_226' title='bbox 700 1990 745 2015; x_wconf 83' lang='lat' dir='ltr'>ex</span> <span class='ocrx_word' id='word_1_227' title='bbox 777 1977 1007 2018; x_wconf 83' lang='lat' dir='ltr'>Petrarcbae</span> <span class='ocrx_word' id='word_1_228' title='bbox 1038 1979 1258 2030; x_wconf 82' lang='lat' dir='ltr'>apographo</span> <span class='ocrx_word' id='word_1_229' title='bbox 1290 1985 1523 2031; x_wconf 80' lang='lat' dir='ltr'>prognatum</span> <span class='ocrx_word' id='word_1_230' title='bbox 1558 1991 1642 2017; x_wconf 88' lang='lat' dir='ltr'>esse</span> 
     </span>
     <span class='ocr_line' id='line_1_28' title="bbox 226 2046 1642 2095; baseline 0.004 -14"><span class='ocrx_word' id='word_1_231' title='bbox 226 2056 432 2093; x_wconf 74' lang='lat' dir='ltr'>negemus:</span> <span class='ocrx_word' id='word_1_232' title='bbox 480 2046 591 2095; x_wconf 83' lang='lat' dir='ltr'>quasi</span> <span class='ocrx_word' id='word_1_233' title='bbox 628 2058 718 2084; x_wconf 91' lang='lat' dir='ltr'>vero</span> <span class='ocrx_word' id='word_1_234' title='bbox 760 2058 918 2085; x_wconf 88' lang='grc'><strong>11666556</strong></span> <span class='ocrx_word' id='word_1_235' title='bbox 950 2047 1011 2094; x_wconf 85' lang='grc'><strong>511,</strong></span> <span class='ocrx_word' id='word_1_236' title='bbox 1059 2047 1242 2086; x_wconf 84' lang='lat' dir='ltr'>omnibus</span> <span class='ocrx_word' id='word_1_237' title='bbox 1288 2048 1334 2086; x_wconf 90' lang='lat' dir='ltr'>iis</span> <span class='ocrx_word' id='word_1_238' title='bbox 1374 2048 1489 2087; x_wconf 87' lang='lat' dir='ltr'>rebus</span> <span class='ocrx_word' id='word_1_239' title='bbox 1527 2048 1642 2087; x_wconf 81' lang='lat' dir='ltr'>tidem</span> 
     </span>
     <span class='ocr_line' id='line_1_29' title="bbox 226 2111 1641 2163; baseline 0.004 -14"><span class='ocrx_word' id='word_1_240' title='bbox 226 2111 379 2159; x_wconf 88' lang='lat' dir='ltr'>habere,</span> <span class='ocrx_word' id='word_1_241' title='bbox 425 2113 566 2163; x_wconf 85' lang='lat' dir='ltr'>quibus</span> <span class='ocrx_word' id='word_1_242' title='bbox 611 2126 680 2152; x_wconf 89' lang='lat' dir='ltr'>cur</span> <span class='ocrx_word' id='word_1_243' title='bbox 726 2114 838 2153; x_wconf 84' lang='lat' dir='ltr'>fidem</span> <span class='ocrx_word' id='word_1_244' title='bbox 888 2128 966 2154; x_wconf 85' lang='lat' dir='ltr'>non</span> <span class='ocrx_word' id='word_1_245' title='bbox 1013 2116 1225 2155; x_wconf 89' lang='lat' dir='ltr'>habeamus</span> <span class='ocrx_word' id='word_1_246' title='bbox 1262 2116 1358 2155; x_wconf 91' lang='lat' dir='ltr'>nihil</span> <span class='ocrx_word' id='word_1_247' title='bbox 1395 2123 1454 2156; x_wconf 85' lang='lat' dir='ltr'>est</span> <span class='ocrx_word' id='word_1_248' title='bbox 1485 2129 1641 2163; x_wconf 82' lang='lat' dir='ltr'>causae;</span> 
     </span>
     <span class='ocr_line' id='line_1_30' title="bbox 226 2180 1642 2236; baseline 0.006 -19"><span class='ocrx_word' id='word_1_249' title='bbox 226 2180 384 2231; x_wconf 84' lang='lat' dir='ltr'>puerilis</span> <span class='ocrx_word' id='word_1_250' title='bbox 415 2188 472 2219; x_wconf 87' lang='lat' dir='ltr'>est</span> <span class='ocrx_word' id='word_1_251' title='bbox 504 2181 647 2227; x_wconf 80' lang='lat' dir='ltr'>iudicii,</span> <span class='ocrx_word' id='word_1_252' title='bbox 680 2182 731 2220; x_wconf 85' lang='lat' dir='ltr'>ita</span> <span class='ocrx_word' id='word_1_253' title='bbox 764 2184 994 2223; x_wconf 76' lang='lat' dir='ltr'>concludere</span> <span class='ocrx_word' id='word_1_254' title='bbox 1025 2185 1066 2223; x_wconf 78' lang='lat' dir='ltr'>‘A</span> <span class='ocrx_word' id='word_1_255' title='bbox 1089 2197 1173 2223; x_wconf 85' lang='lat' dir='ltr'>esse</span> <span class='ocrx_word' id='word_1_256' title='bbox 1195 2185 1297 2224; x_wconf 86' lang='lat' dir='ltr'>=ss</span> <span class='ocrx_word' id='word_1_257' title='bbox 1329 2197 1398 2236; x_wconf 83' lang='lat' dir='ltr'>ego</span> <span class='ocrx_word' id='word_1_258' title='bbox 1429 2185 1642 2233; x_wconf 81' lang='lat' dir='ltr'>contend03</span> 
     </span>
     <span class='ocr_line' id='line_1_31' title="bbox 227 2249 1642 2305; baseline 0.004 -18"><span class='ocrx_word' id='word_1_259' title='bbox 227 2261 296 2287; x_wconf 89' lang='lat' dir='ltr'>cur</span> <span class='ocrx_word' id='word_1_260' title='bbox 328 2249 377 2288; x_wconf 86' lang='lat' dir='ltr'>ita</span> <span class='ocrx_word' id='word_1_261' title='bbox 410 2250 656 2297; x_wconf 89' lang='lat' dir='ltr'>contendam,</span> <span class='ocrx_word' id='word_1_262' title='bbox 688 2251 784 2289; x_wconf 90' lang='lat' dir='ltr'>nihil</span> <span class='ocrx_word' id='word_1_263' title='bbox 808 2252 949 2299; x_wconf 72' lang='lat' dir='ltr'>baben,</span> <span class='ocrx_word' id='word_1_264' title='bbox 981 2259 1019 2292; x_wconf 89' lang='lat' dir='ltr'>et</span> <span class='ocrx_word' id='word_1_265' title='bbox 1041 2259 1169 2292; x_wconf 84' lang='lat' dir='ltr'>tamen</span> <span class='ocrx_word' id='word_1_266' title='bbox 1194 2266 1243 2292; x_wconf 90' lang='lat' dir='ltr'>ne</span> <span class='ocrx_word' id='word_1_267' title='bbox 1265 2259 1306 2293; x_wconf 89' lang='lat' dir='ltr'>tu</span> <span class='ocrx_word' id='word_1_268' title='bbox 1329 2253 1486 2305; x_wconf 86' lang='lat' dir='ltr'>quidem</span> <span class='ocrx_word' id='word_1_269' title='bbox 1509 2253 1642 2301; x_wconf 85' lang='lat' dir='ltr'>babes,</span> 
     </span>
     <span class='ocr_line' id='line_1_32' title="bbox 227 2318 1640 2374; baseline 0.005 -20"><span class='ocrx_word' id='word_1_270' title='bbox 227 2329 296 2355; x_wconf 87' lang='lat' dir='ltr'>cur</span> <span class='ocrx_word' id='word_1_271' title='bbox 342 2330 475 2368; x_wconf 66' lang='lat' dir='ltr'>neges,</span> <span class='ocrx_word' id='word_1_272' title='bbox 523 2330 612 2369; x_wconf 84' lang='lat' dir='ltr'>ergo</span> <span class='ocrx_word' id='word_1_273' title='bbox 653 2318 679 2356; x_wconf 84' lang='grc' dir='ltr'>Α</span> <span class='ocrx_word' id='word_1_274' title='bbox 708 2319 814 2357; x_wconf 85' lang='lat' dir='ltr'>=B</span> <span class='ocrx_word' id='word_1_275' title='bbox 855 2319 937 2358; x_wconf 86' lang='lat' dir='ltr'>est&#39;.</span> <span class='ocrx_word' id='word_1_276' title='bbox 999 2322 1048 2360; x_wconf 80' lang='grc' dir='ltr'>Αι</span> <span class='ocrx_word' id='word_1_277' title='bbox 1092 2322 1176 2370; x_wconf 88' lang='lat' dir='ltr'>erit,</span> <span class='ocrx_word' id='word_1_278' title='bbox 1223 2322 1288 2374; x_wconf 90' lang='lat' dir='ltr'>qui</span> <span class='ocrx_word' id='word_1_279' title='bbox 1334 2322 1451 2362; x_wconf 87' lang='lat' dir='ltr'>dicat:</span> <span class='ocrx_word' id='word_1_280' title='bbox 1499 2323 1640 2361; x_wconf 84' lang='lat' dir='ltr'>‘Unum</span> 
     </span>
     <span class='ocr_line' id='line_1_33' title="bbox 227 2385 1640 2441; baseline 0.004 -18"><span class='ocrx_word' id='word_1_281' title='bbox 227 2385 474 2424; x_wconf 85' lang='lat' dir='ltr'>Petrarcbam</span> <span class='ocrx_word' id='word_1_282' title='bbox 509 2386 694 2438; x_wconf 83' lang='lat' dir='ltr'>epistulas</span> <span class='ocrx_word' id='word_1_283' title='bbox 725 2387 770 2426; x_wconf 88' lang='lat' dir='ltr'>ad</span> <span class='ocrx_word' id='word_1_284' title='bbox 802 2388 973 2427; x_wconf 81' lang='lat' dir='ltr'>Atticum</span> <span class='ocrx_word' id='word_1_285' title='bbox 1007 2391 1222 2441; x_wconf 84' lang='lat' dir='ltr'>repperisse</span> <span class='ocrx_word' id='word_1_286' title='bbox 1254 2398 1390 2431; x_wconf 81' lang='lat' dir='ltr'>notum</span> <span class='ocrx_word' id='word_1_287' title='bbox 1430 2397 1506 2439; x_wconf 80' lang='lat' dir='ltr'>est-3</span> <span class='ocrx_word' id='word_1_288' title='bbox 1552 2403 1640 2430; x_wconf 89' lang='lat' dir='ltr'>cum</span> 
     </span>
     <span class='ocr_line' id='line_1_34' title="bbox 227 2453 1639 2509; baseline 0.004 -18"><span class='ocrx_word' id='word_1_289' title='bbox 227 2453 330 2492; x_wconf 88' lang='lat' dir='ltr'>enim</span> <span class='ocrx_word' id='word_1_290' title='bbox 366 2454 618 2494; x_wconf 86' lang='lat' dir='ltr'>discessimus</span> <span class='ocrx_word' id='word_1_291' title='bbox 641 2455 687 2494; x_wconf 84' lang='lat' dir='ltr'>ab</span> <span class='ocrx_word' id='word_1_292' title='bbox 704 2455 778 2495; x_wconf 84' lang='lat' dir='ltr'>isto</span> <span class='ocrx_word' id='word_1_293' title='bbox 801 2457 1010 2509; x_wconf 79' lang='lat' dir='ltr'>exemplari</span> <span class='ocrx_word' id='word_1_294' title='bbox 1032 2458 1272 2507; x_wconf 87' lang='lat' dir='ltr'>Pistoriensi,</span> <span class='ocrx_word' id='word_1_295' title='bbox 1310 2460 1473 2499; x_wconf 85' lang='lat' dir='ltr'>alterum</span> <span class='ocrx_word' id='word_1_296' title='bbox 1508 2471 1639 2498; x_wconf 89' lang='lat' dir='ltr'>earum</span> 
     </span>
     <span class='ocr_line' id='line_1_35' title="bbox 227 2522 1641 2578; baseline 0.004 -18"><span class='ocrx_word' id='word_1_297' title='bbox 227 2522 482 2573; x_wconf 80' lang='lat' dir='ltr'>epistularum</span> <span class='ocrx_word' id='word_1_298' title='bbox 515 2523 553 2562; x_wconf 92' lang='lat' dir='ltr'>in</span> <span class='ocrx_word' id='word_1_299' title='bbox 585 2523 691 2563; x_wconf 85' lang='lat' dir='ltr'>Italia</span> <span class='ocrx_word' id='word_1_300' title='bbox 724 2526 919 2578; x_wconf 84' lang='lat' dir='ltr'>exemplar</span> <span class='ocrx_word' id='word_1_301' title='bbox 950 2533 1038 2578; x_wconf 82' lang='lat' dir='ltr'>post</span> <span class='ocrx_word' id='word_1_302' title='bbox 1060 2527 1306 2567; x_wconf 81' lang='lat' dir='ltr'>Petrarcbam</span> <span class='ocrx_word' id='word_1_303' title='bbox 1330 2528 1532 2568; x_wconf 88' lang='lat' dir='ltr'>inventum</span> <span class='ocrx_word' id='word_1_304' title='bbox 1556 2540 1641 2565; x_wconf 80' lang='lat' dir='ltr'>esse</span> 
     </span>
    </p>
   </div>
   <div class='ocr_carea' id='block_1_3' title="bbox 318 2659 1404 2706">
    <p class='ocr_par' dir='ltr' id='par_1_4' title="bbox 318 2659 1404 2706">
     <span class='ocr_line' id='line_1_36' title="bbox 318 2659 1404 2706; baseline 0.006 -18"><span class='ocrx_word' id='word_1_305' title='bbox 318 2659 348 2695; x_wconf 71' lang='lat'>*)</span> <span class='ocrx_word' id='word_1_306' title='bbox 375 2659 423 2691; x_wconf 77' lang='lat' dir='ltr'>Cf.</span> <span class='ocrx_word' id='word_1_307' title='bbox 451 2659 610 2692; x_wconf 82' lang='lat' dir='ltr'>Viertelii</span> <span class='ocrx_word' id='word_1_308' title='bbox 638 2661 711 2701; x_wconf 70' lang='lat' dir='ltr'>lin,</span> <span class='ocrx_word' id='word_1_309' title='bbox 736 2671 829 2702; x_wconf 65' lang='lat' dir='ltr'>qut-m</span> <span class='ocrx_word' id='word_1_310' title='bbox 857 2672 954 2704; x_wconf 83' lang='lat' dir='ltr'>supra</span> <span class='ocrx_word' id='word_1_311' title='bbox 983 2674 1011 2704; x_wconf 83' lang='lat' dir='ltr'>p.</span> <span class='ocrx_word' id='word_1_312' title='bbox 1039 2664 1057 2694; x_wconf 71' lang='lat'><strong>4</strong></span> <span class='ocrx_word' id='word_1_313' title='bbox 1084 2665 1270 2706; x_wconf 80' lang='lat' dir='ltr'>attulimus,</span> <span class='ocrx_word' id='word_1_314' title='bbox 1297 2675 1324 2706; x_wconf 86' lang='lat' dir='ltr'>p.</span> <span class='ocrx_word' id='word_1_315' title='bbox 1356 2665 1404 2697; x_wconf 83' lang='lat'>12.</span> 
     </span>
    </p>
   </div>
   <div class='ocr_carea' id='block_1_4' title="bbox 1757 0 1821 3077">
    <p class='ocr_par' dir='ltr' id='par_1_5' title="bbox 1757 0 1821 3077">
     <span class='ocr_line' id='line_1_37' title="bbox 1757 0 1821 3077; baseline 0 0"><span class='ocrx_word' id='word_1_316' title='bbox 1757 0 1821 3077; x_wconf 95' lang='lat' dir='ltr'> </span> 
     </span>
    </p>
   </div>
  </div>
 </body>
</html>
