1821 3077
578 160 1020 201 --—111—

92 282 304 321 hibendum
338 293 422 320 esse
453 285 628 333 apparet:
662 287 704 318 ut
734 278 837 317 enim
871 277 940 317 viri
970 277 1021 317 illi
1044 277 1270 319 doctissimi,
1303 291 1390 317 cum
1414 277 1507 317 istas

91 349 446 390 animadversiones
483 361 573 388 cum
606 348 709 387 Bosii
745 347 1026 386 commentario
1059 346 1158 399 typis
1189 346 1380 398 impresso
1412 359 1506 386 con-

91 422 259 459 ferentes
299 418 391 457 alias
430 417 615 457 lectiones
655 417 695 456 in
727 415 1126 456 animadversionibus
1158 415 1312 467 scriptis
1344 415 1435 455 alias
1468 416 1504 454 in

91 487 372 528 commentario
424 487 524 540 typis
576 488 768 538 impresso
819 485 1077 531 invenissent,
1130 492 1233 523 recte
1283 484 1507 530 effecerunt,

91 558 342 597 Decurtatum
374 562 412 596 et
433 555 696 595 Crusellinum
724 555 875 594 codices
904 554 1013 593 fictos
1044 566 1129 593 esse
1162 565 1287 604 neque
1318 566 1504 604 umquam

90 627 226 673 fuisse,
272 625 323 665 ita
369 625 526 664 eaedem
572 623 929 663 animadversiones
975 635 1064 662 cuin
1108 621 1388 662 commentario
1426 622 1506 660 col-

88 695 186 734 latae
216 694 392 746 probant,
425 706 503 732 non
535 693 650 731 nullis
682 693 776 731 locis
806 692 962 731 Bosium
996 692 1086 730 alias
1119 704 1165 730 ex
1193 690 1219 729 Z
1250 690 1435 729 lectiones
1467 691 1504 728 in

89 763 492 803 animadversionibus
558 762 650 801 alias
710 762 751 800 in
812 760 1093 800 commentario
1154 760 1254 812 typis
1314 759 1507 811 impresso

90 832 303 884 scripsisse,
349 838 388 871 et
428 831 587 878 faciunt,
635 837 679 870 ut
710 830 774 868 ΖΒ
806 830 877 869 soli
909 830 1161 869 diffidendum
1194 842 1278 868 esse
1312 829 1505 868 videatur:

202 901 232 939 X
260 900 354 948 121),
378 900 401 939 3
434 899 788 939 animadversiones
820 912 865 937 ex
898 899 922 937 Z
956 899 1098 938 habeut
1129 896 1354 951 ακιμολον,
1396 911 1506 936 com-

91 969 303 1009 mentarius
350 971 470 1009 AKI
511 969 858 1008 AAAOAON:
910 967 1004 1006 levis
1056 974 1116 1006 est
1165 967 1423 1019 discrepantia
1469 973 1507 1006 et

88 1038 256 1077 dubitari
299 1045 428 1090 potest
475 1045 606 1076 utrum
654 1037 914 1088 neglegentiae
960 1037 1064 1075 Bosii
1114 1049 1161 1075 an
1207 1036 1388 1087 perfidiae
1435 1037 1505 1075 tri-

91 1106 240 1145 buenda
279 1106 341 1145 sit.
385 1130 439 1133 —
483 1105 534 1145 XI
560 1105 622 1153 12,
648 1107 666 1143 1
700 1105 739 1144 in
772 1105 1054 1145 commentario
1088 1105 1225 1144 Rosius
1257 1106 1303 1144 de
1335 1105 1360 1143 Z
1394 1110 1505 1151 tacet,

88 1175 126 1214 in
159 1174 562 1214 animadversionibus
594 1175 712 1215 comeo
742 1188 827 1214 esse
860 1175 897 1214 in
921 1174 946 1212 Z
979 1174 1174 1213 adfirmat:
1223 1173 1436 1212 Lambinus
1467 1173 1505 1211 in

87 1244 174 1282 adn.
221 1245 268 1283 ad
315 1245 372 1283 ed.
406 1250 505 1296 post.
538 1251 662 1284 tamen
693 1243 730 1282 L.
763 1243 896 1283 Lomeo
935 1244 991 1282 his
1029 1243 1088 1281 vel
1125 1249 1253 1282 tamen
1292 1255 1415 1281 comeo
1453 1243 1508 1281 his

86 1312 284 1364 antiquam
324 1313 557 1364 scripturam
597 1326 682 1352 esse
719 1312 826 1359 dicit;
877 1326 908 1351 v.
941 1325 973 1350 c.
1006 1311 1122 1350 habet
1160 1319 1287 1351 taimen
1317 1311 1356 1351 L.
1390 1311 1506 1350 lomes)

85 1381 152 1421 his.
185 1404 240 1410 —
271 1381 427 1429 X1128,
450 1381 474 1419 2
509 1383 548 1421 in
579 1381 982 1421 animadversionibus
1013 1380 1150 1419 Rosius
1184 1379 1208 1417 Z
1242 1379 1378 1418 tribuit
1410 1379 1507 1418 lianc

90 1449 297 1489 lectionem
330 1451 393 1490 secl
422 1454 524 1491 intus
554 1459 635 1491 erat
663 1451 789 1501 [enim]
821 1450 888 1489 ubi
916 1452 1199 1501 acquiescerem,
1231 1448 1270 1486 in
1303 1460 1506 1487 commen-

92 1518 187 1557 tario
218 1521 316 1558 enim
349 1532 369 1558 a
393 1519 417 1558 Z
450 1520 586 1559 abesse
617 1532 695 1559 non
727 1519 833 1565 dicit,
865 1518 904 1557 in
938 1518 1018 1570 ipsa
1049 1517 1218 1556 editione
1241 1519 1341 1555 enim
1363 1524 1507 1561 servat3

90 1587 314 1637 gravissima
346 1594 405 1627 est
437 1589 505 1627 ista
538 1588 808 1640 discrepantia.
842 1611 894 1614 —
934 1585 1153 1632 x11131,3
1191 1585 1230 1624 in
1262 1584 1507 1624 animadver-

90 1655 266 1694 sionibus
289 1655 313 1693 Z
347 1656 532 1696 tribuitur
563 1671 725 1708 κερικα,
757 1656 796 1694 in
829 1654 1108 1694 commentario
1142 1655 1434 1693 KEKBIKA.
1454 1677 1505 1680 ἡ

88 1723 174 1762 ΧΙΞΙ
198 1724 250 1762 42
290 1725 329 1763 in
361 1725 760 1764 animadversionibus
792 1726 903 1776 satim·
936 1724 974 1770 Z,
1014 1724 1053 1762 in
1086 1722 1366 1763 commentario
1398 1731 1509 1762 eatur

90 1792 274 1832 omnibus
306 1793 504 1833 codicibus
536 1794 618 1833 suis
651 1793 788 1832 Bosius
821 1793 975 1840 tribuit;
1008 1806 1040 1831 ν.
1064 1805 1094 1831 c.
1120 1793 1234 1831 habet
1265 1799 1385 1831 eatur.

201 1862 308 1908 Quae
339 1875 427 1901 cum
460 1862 512 1901 ita
544 1862 634 1909 sint,
667 1870 769 1901 recte
801 1862 913 1900 nobis
941 1861 1082 1901 dixisse
1106 1861 1437 1907 videmu1·‚tcaute
1470 1861 1505 1899 in

90 1930 153 1968 ΖΒ
191 1931 409 1971 adhibendo
447 1931 639 1983 agendum
678 1944 780 1970 esse:
831 1931 952 1970 multo
984 1944 1072 1969 vero
1106 1930 1256 1969 facilius
1296 1937 1334 1969 et
1365 1930 1507 1969 rectius

92 2006 169 2038 tota
214 2012 275 2038 res
322 2000 476 2039 tractari
522 2001 682 2052 poterit,
730 2000 761 2038 si
793 2000 879 2051 quis
912 1999 1128 2050 philologus
1159 2012 1204 2037 ex
1235 1998 1319 2037 istis
1352 1999 1506 2038 ineditis

91 2068 490 2108 animadversionibus
535 2081 671 2108 omnes
718 2068 903 2107 lectiones
936 2068 961 2106 Z
1008 2080 1097 2106 cum
1144 2067 1317 2106 eiusdem
1365 2067 1506 2107 codicis

88 2136 319 2176 lectionibus
369 2137 408 2176 in
455 2137 734 2176 commentario
784 2136 884 2175 Bosii
930 2128 1066 2188 positis
1113 2136 1347 2188 compararit
1391 2143 1506 2187 atque

86 2204 197 2243 ZL¹2
229 2211 268 2244 et
298 2218 332 2244 v.
356 2218 387 2245 c.
420 2206 601 2246 adhibitis
633 2205 869 2258 exposuerit,
902 2213 998 2256 quot
1028 2205 1120 2245 locis
1152 2205 1505 2244 animadversiones

84 2287 103 2313 a
141 2274 423 2314 commentario
459 2275 692 2327 discrepent,
740 2288 856 2326 quam
905 2287 1037 2326 graves
1084 2275 1179 2314 istae
1224 2274 1501 2326 discrepantiae

84 2343 174 2390 siut,
217 2356 336 2394 ecqua
367 2343 481 2382 lectio
512 2343 551 2382 in
583 2343 982 2383 aniniadversimiibus
1015 2344 1140 2396 posita
1172 2348 1286 2394 atque
1318 2343 1357 2381 in
1389 2355 1498 2381 com-

87 2412 274 2451 mentario
307 2412 477 2463 neglecta
509 2425 596 2451 cum
632 2411 739 2450 ZL¹²
778 2414 835 2451 vel
866 2425 899 2451 v,
923 2426 954 2451 c.
987 2412 1216 2459 consentiat,
1249 2412 1281 2450 si
1314 2411 1503 2457 dissentit,

83 2492 177 2518 num
225 2493 352 2520 veram
399 2494 524 2532 neque
566 2481 785 2520 coniectura
824 2482 1019 2520 inventam
1053 2494 1137 2520 esse
1170 2488 1207 2520 et
1238 2480 1429 2519 sententia
1461 2487 1498 2518 et

83 2549 205 2601 ipsius
236 2549 412 2589 lectionis
444 2550 591 2589 indoles
624 2550 780 2600 probet,
828 2562 953 2601 neque
992 2551 1095 2589 enim
1136 2549 1374 2594 dubitamus,
1411 2548 1504 2599 quin

85 2619 305 2674 complures
338 2619 522 2657 lectiones
547 2618 682 2656 Bosius
713 2631 757 2656 ex
783 2618 806 2656 Z
850 2618 888 2656 in
927 2618 1328 2657 auimadversionibus
1361 2618 1505 2669 positas

83 2686 121 2725 in
164 2687 444 2726 commentario
483 2687 729 2737 neglegenter
760 2687 953 2733 omiserit,
993 2701 1034 2725 ea
1069 2699 1155 2725 vero
1187 2693 1246 2725 est
1276 2686 1505 2725 auctoritate
