1821 3077
609 172 1020 212 ffl17—

110 292 188 340 ille,
237 304 281 331 ex
313 303 390 343 quo
422 291 449 338 l,
481 290 583 338 Ant„
616 290 644 329 F
675 290 747 329 orti
781 295 890 337 sunt,
937 290 983 330 de
1016 289 1051 328 M
1083 289 1368 329 describeretur
1399 294 1434 328 et
1466 288 1528 327 ille

109 361 191 412 ipse
223 360 341 400 codex
372 365 505 412 postea
537 359 772 398 lectionibus
804 372 849 397 ex
882 359 1002 398 altero
1033 359 1175 405 codice,
1215 358 1279 410 qui
1321 371 1398 397 non
1431 370 1526 410 pen-

110 429 224 469 debat
253 442 274 469 e
306 428 353 477 M,
385 427 535 468 haustis
567 428 838 480 corrigeretur.
901 427 975 468 Fac
1006 428 1135 479 igitur,
1176 434 1218 467 ut
1250 427 1402 479 probes,
1446 427 1526 466 illas

108 498 292 538 lectiones
323 510 400 538 non
434 510 518 538 esse
549 497 799 549 interpolatas
831 502 946 548 atque
978 510 997 536 a
1029 496 1219 549 principio
1251 496 1289 535 in
1314 509 1358 535 eo
1381 497 1523 543 codice,

110 568 156 607 de
187 580 265 619 quo
295 567 323 615 Ι,
355 568 459 613 Ant„
491 567 519 606 F
551 566 733 618 descripti
768 572 871 613 sunt,
920 566 1061 605 fuisse'.
1123 565 1192 605 Cui
1239 577 1308 616 ego
1353 566 1523 616 primum

110 637 283 676 modeste
328 635 589 688 respondebo:
639 636 777 682 ‘Quam
819 635 942 688 lepide
986 642 1025 674 tu
1070 647 1112 674 ac
1152 634 1288 674 festive
1319 647 1399 673 rem
1433 634 1526 685 agis,

110 705 254 757 optime
286 703 420 744 homo!
458 705 498 744 Id
531 705 633 744 euim
668 717 826 751 munus,
860 704 962 755 quod
986 703 1054 743 tibi
1076 703 1302 756 impositum
1327 709 1396 750 est,
1431 702 1526 741 mibi

110 774 273 826 delegas,
305 786 394 813 cum
426 775 600 826 postulas
633 780 673 813 ut
705 774 739 812 id
773 773 960 820 refellam,
992 773 1094 824 quod
1128 778 1238 812 tuum
1268 778 1327 811 est
1349 772 1525 824 probare.

109 843 167 881 An
201 849 236 882 te
268 843 376 894 fugit,
408 850 554 895 quanto
587 855 701 895 opere
731 842 867 893 Voigtii
901 848 937 880 et
970 841 1137 881 Viertelii
1170 841 1306 881 libellis
1341 847 1417 880 tota
1451 854 1524 888 res,

109 911 155 951 de
176 924 251 963 qua
272 911 435 963 agimus,
459 918 604 952 mutata
628 909 706 951 sit?
738 911 857 950 Antea
882 911 998 957 enim,
1022 911 1057 950 id
1082 911 1183 963 quod
1208 924 1324 963 supra
1347 924 1382 963 p.
1403 911 1426 949 5
1446 917 1484 950 et
1502 911 1526 949 6

110 982 283 1033 exposui,
330 981 433 1033 quod
471 982 505 1021 Μ
553 994 572 1020 a
609 980 817 1020 petrarcha
865 979 1033 1031 scriptus
1080 994 1163 1020 esse
1207 980 1416 1033 putabatur
1453 979 1524 1019 Pe—

112 1050 384 1102 trarcbamque
416 1051 484 1089 bas
517 1050 700 1102 epistulas
732 1049 925 1088 invenisse
947 1049 1161 1096 constabat,
1192 1055 1295 1088 recte
1318 1049 1374 1088 vel
1397 1049 1527 1101 potius

112 1118 362 1170 probabiliter
392 1119 707 1164 concludebatur,
740 1130 876 1157 omnes
908 1117 974 1169 qui
1006 1124 1200 1157 exstarent
1231 1118 1383 1157 codices
1415 1131 1459 1157 ex
1492 1118 1525 1157 M

111 1187 295 1240 pendere:
343 1188 413 1227 etsi
460 1188 562 1228 enim
611 1194 762 1240 poterat
807 1187 901 1234 fieri,
949 1193 992 1226 ut
1030 1200 1075 1226 ex
1108 1187 1237 1226 codice
1268 1200 1288 1226 a
1321 1187 1526 1226 petrarcha

111 1262 265 1309 reperto
296 1257 372 1296 duo
403 1257 576 1309 exempla
609 1256 933 1303 describerentur,
966 1268 1134 1308 quorum
1168 1256 1332 1295 alterum
1365 1262 1448 1295 erat
1478 1256 1526 1302 M,

111 1327 274 1366 alterum
324 1327 442 1366 codex
480 1339 586 1365 nunc
627 1325 862 1378 deperditus,
911 1325 976 1364 sed
1009 1337 1148 1377 parens
1181 1325 1528 1372 ed.1ensonianae,

113 1395 335 1443 Antoniani,
366 1394 559 1442 Faernini,
600 1401 728 1434 tamen
761 1407 837 1434 non
871 1394 1120 1446 impudenter
1151 1394 1433 1446 postulabatur,
1472 1400 1526 1440 ut,

111 1464 289 1517 quisquis
321 1465 347 1512 1,
380 1466 482 1512 Ant„
514 1464 541 1502 F
573 1477 592 1503 e
625 1464 659 1503 M
707 1470 813 1503 ortos
859 1476 942 1503 esse
988 1468 1155 1514 negaret,
1201 1463 1294 1503 illud
1326 1463 1454 1515 ipsum
1488 1476 1528 1502 se

113 1540 218 1573 recte
249 1546 389 1585 negare
420 1533 535 1573 certis
563 1533 779 1573 rationibus
801 1533 982 1572 efficeret.
1035 1532 1147 1572 Nunc
1168 1545 1270 1578 vero,
1304 1545 1392 1572 cum
1416 1533 1527 1585 plane

113 1601 323 1641 obscurum
358 1602 419 1650 sit,
456 1615 554 1653 quae
597 1602 647 1641 sit
683 1601 951 1654 propinquitas
984 1601 1142 1641 Medicei
1174 1614 1261 1641 cum
1296 1601 1527 1640 Petrarcbae

114 1671 258 1718 codice,
297 1683 394 1722 quae
425 1671 475 1710 sit
505 1670 775 1723 propinquitas
807 1670 967 1709 Medicei
999 1683 1087 1709 cum
1120 1670 1147 1717 l,
1179 1671 1281 1716 Ant„
1314 1670 1354 1718 F,
1395 1669 1527 1721 inique

114 1745 200 1790 agat
220 1739 286 1790 qui
308 1739 490 1792 postulet,
523 1746 565 1778 ut
595 1739 631 1777 id
663 1740 872 1785 refellatur,
905 1739 1007 1790 quod
1031 1752 1099 1778 cur
1120 1738 1318 1791 probabile
1342 1739 1391 1778 sit
1414 1752 1526 1778 causa

113 1821 190 1848 non
224 1808 305 1848 est'.
367 1808 427 1847 ‘At
459 1813 515 1847 tot
545 1820 679 1855 annos,
713 1808 834 1848 immo
867 1814 924 1847 tot
956 1808 1105 1847 saecula
1138 1808 1170 1846 M
1205 1808 1377 1861 optimus
1409 1809 1527 1847 codex

114 1889 331 1930 parensque
369 1876 607 1929 reliquorum
648 1877 802 1917 babitus
834 1877 916 1917 est'.
977 1876 1096 1924 Quasi
1129 1890 1217 1916 vero
1248 1877 1454 1929 quicquam
1490 1877 1526 1916 in

113 1946 160 1986 iis
192 1946 320 1994 rebus,
353 1959 449 1998 quae
480 1945 524 1986 ad
549 1958 630 1985 rem
655 1946 814 1998 logicam
839 1946 1016 1994 attinent,
1049 1952 1238 1986 vetustate
1261 1948 1526 1986 confirmetur.

115 2014 356 2067 Quamquam
390 2027 606 2063 caveamus,
639 2029 685 2054 ne
708 2016 803 2055 duas
832 2029 894 2055 res
916 2029 1056 2067 easque
1079 2016 1200 2055 varias
1223 2015 1527 2055 confundamus:

116 2096 204 2124 nam
238 2084 308 2123 alia
339 2091 398 2124 est
427 2084 624 2136 quaestio,
670 2085 802 2136 quanti
831 2085 867 2123 M
898 2085 1163 2124 aestimandus
1201 2085 1251 2124 sit
1281 2091 1395 2136 atque
1428 2085 1528 2137 opti-

118 2165 256 2192 musne
294 2152 344 2192 sit
389 2153 562 2193 omnium
597 2154 793 2201 codicum,
837 2155 925 2202 alia,
968 2154 1067 2193 sitne
1099 2154 1135 2193 M
1167 2167 1306 2205 parens
1352 2154 1526 2193 omnium

117 2221 355 2273 reliquorum
385 2222 574 2262 codicum.
623 2223 697 2262 lam
732 2223 823 2262 illud
857 2236 935 2262 non
968 2224 1105 2275 agitur,
1138 2224 1274 2275 quanti
1298 2223 1333 2262 M
1356 2223 1423 2271 sit;
1457 2224 1529 2262 hoc

116 2303 161 2330 ex
205 2290 251 2330 iis
294 2290 387 2330 locis
418 2304 515 2342 quos
547 2292 657 2331 attuli
689 2299 864 2344 apparet,
912 2292 946 2331 M
979 2305 1055 2331 non
1089 2305 1173 2331 esse
1205 2298 1404 2344 parentem
1441 2293 1524 2331 len-

117 2359 298 2399 sonianae
328 2359 400 2406 ed.,
432 2360 534 2407 Ant„
565 2360 605 2399 F.

232 2428 305 2468 Sed
338 2429 595 2468 concedamus
628 2429 792 2468 multum
824 2431 869 2469 de
901 2436 1035 2469 nostro
1068 2430 1169 2477 iure3
1203 2435 1279 2468 tam
1313 2429 1414 2468 enim
1439 2442 1527 2481 per-

118 2497 249 2549 spicua
279 2509 341 2537 res
373 2504 442 2545 est,
476 2504 518 2537 ut
548 2497 658 2537 facile
680 2511 835 2537 omnem
860 2499 1141 2538 dubitationem
1168 2499 1299 2538 tollere
1321 2511 1392 2537 nos
1415 2511 1527 2550 posse

118 2565 334 2604 credamus.
385 2565 459 2605 Fac
490 2578 573 2604 csse
606 2566 683 2604 veri
715 2567 838 2606 simile
867 2592 912 2594 —
936 2568 972 2607 id
995 2568 1096 2619 quod
1123 2567 1198 2606 veri
1221 2566 1524 2606 dissimillimum

118 2645 202 2672 esse
233 2646 278 2673 ex
302 2634 468 2674 Viertelii
501 2641 538 2673 et
561 2634 696 2685 Voigtii
729 2635 865 2675 libellis
897 2644 1056 2688 apparet
1078 2660 1128 2664 -
1152 2637 1186 2675 M
1216 2648 1299 2674 esse
1327 2642 1525 2686 parentem

119 2702 294 2742 codicum
328 2703 414 2742 Ant.
448 2712 487 2759 et
518 2704 557 2750 1³,
604 2717 689 2742 csse
721 2704 885 2755 denique
928 2705 1004 2744 veri
1047 2705 1181 2751 simile,
1226 2706 1317 2743 istas
1350 2704 1527 2744 meliores

189 2768 349 2803 Lehmann,
375 2771 415 2796 Do
436 2770 494 2796 Cic.
516 2769 548 2795 :iol
573 2771 631 2796 Ati.
653 2770 796 2803 epistulis.
1296 2761 1314 2794 ’.ἶ
