<?xml version="1.0" encoding="UTF-8"?>
<!DOCTYPE html PUBLIC "-//W3C//DTD XHTML 1.0 Transitional//EN"
    "http://www.w3.org/TR/xhtml1/DTD/xhtml1-transitional.dtd">
<html xmlns="http://www.w3.org/1999/xhtml" xml:lang="en" lang="en">
 <head>
  <title>
</title>
<meta http-equiv="Content-Type" content="text/html;charset=utf-8" />
  <meta name='ocr-system' content='tesseract 3.04.00' />
  <meta name='ocr-capabilities' content='ocr_page ocr_carea ocr_par ocr_line ocrx_word'/>
</head>
<body>
  <div class='ocr_page' id='page_1' title='image "./deciceronisadatt00lehmuoft_0176.png"; bbox 0 0 1821 3077; ppageno 0'>
   <div class='ocr_carea' id='block_1_1' title="bbox 720 180 1162 220">
    <p class='ocr_par' dir='ltr' id='par_1_1' title="bbox 720 180 1162 220">
     <span class='ocr_line' id='line_1_1' title="bbox 720 180 1162 220; baseline -0.005 0"><span class='ocrx_word' id='word_1_1' title='bbox 720 180 1162 220; x_wconf 41' lang='lat' dir='ltr'>*me——</span> 
     </span>
    </p>
   </div>
   <div class='ocr_carea' id='block_1_2' title="bbox 230 296 1655 2537">
    <p class='ocr_par' dir='ltr' id='par_1_2' title="bbox 230 296 1654 1498">
     <span class='ocr_line' id='line_1_2' title="bbox 231 296 1646 349; baseline -0.001 -13"><span class='ocrx_word' id='word_1_2' title='bbox 231 305 384 337; x_wconf 77' lang='lat' dir='ltr'>onustus</span> <span class='ocrx_word' id='word_1_3' title='bbox 399 310 495 337; x_wconf 80' lang='lat' dir='ltr'>auro</span> <span class='ocrx_word' id='word_1_4' title='bbox 512 297 650 337; x_wconf 76' lang='lat' dir='ltr'>asellus</span> <span class='ocrx_word' id='word_1_5' title='bbox 668 309 741 336; x_wconf 76' lang='lat' dir='ltr'>non</span> <span class='ocrx_word' id='word_1_6' title='bbox 757 302 870 349; x_wconf 71' lang='lat' dir='ltr'>possit</span> <span class='ocrx_word' id='word_1_7' title='bbox 889 297 1097 336; x_wconf 78' lang='lat' dir='ltr'>ascendere&#39;</span> <span class='ocrx_word' id='word_1_8' title='bbox 1113 297 1283 336; x_wconf 75' lang='lat' dir='ltr'>codicem</span> <span class='ocrx_word' id='word_1_9' title='bbox 1302 310 1321 335; x_wconf 90' lang='lat' dir='ltr'>a</span> <span class='ocrx_word' id='word_1_10' title='bbox 1348 297 1447 334; x_wconf 77' lang='lat' dir='ltr'>l&#39;etr.</span> <span class='ocrx_word' id='word_1_11' title='bbox 1459 296 1646 348; x_wconf 83' lang='lat' dir='ltr'>scriptum</span> 
     </span>
     <span class='ocr_line' id='line_1_3' title="bbox 231 364 1648 416; baseline -0.001 -12"><span class='ocrx_word' id='word_1_12' title='bbox 231 368 282 405; x_wconf 82' lang='lat' dir='ltr'>ita</span> <span class='ocrx_word' id='word_1_13' title='bbox 337 366 518 405; x_wconf 82' lang='lat' dir='ltr'>habuisse</span> <span class='ocrx_word' id='word_1_14' title='bbox 573 366 759 411; x_wconf 77' lang='lat' dir='ltr'>coniciat;</span> <span class='ocrx_word' id='word_1_15' title='bbox 815 379 902 404; x_wconf 86' lang='lat' dir='ltr'>nam</span> <span class='ocrx_word' id='word_1_16' title='bbox 950 365 1144 404; x_wconf 72' lang='lat' dir='ltr'>Ciceronis</span> <span class='ocrx_word' id='word_1_17' title='bbox 1196 378 1318 416; x_wconf 82' lang='lat' dir='ltr'>genus</span> <span class='ocrx_word' id='word_1_18' title='bbox 1369 364 1519 403; x_wconf 87' lang='lat' dir='ltr'>dicendi</span> <span class='ocrx_word' id='word_1_19' title='bbox 1571 377 1648 403; x_wconf 89' lang='lat' dir='ltr'>non</span> 
     </span>
     <span class='ocr_line' id='line_1_4' title="bbox 230 432 1651 487; baseline 0 -15"><span class='ocrx_word' id='word_1_20' title='bbox 230 435 402 474; x_wconf 77' lang='lat' dir='ltr'>admittit</span> <span class='ocrx_word' id='word_1_21' title='bbox 431 436 570 487; x_wconf 83' lang='lat' dir='ltr'>fortem</span> <span class='ocrx_word' id='word_1_22' title='bbox 603 435 722 473; x_wconf 83' lang='lat' dir='ltr'>locum</span> <span class='ocrx_word' id='word_1_23' title='bbox 755 447 825 485; x_wconf 90' lang='lat' dir='ltr'>pro</span> <span class='ocrx_word' id='word_1_24' title='bbox 858 434 1008 474; x_wconf 80' lang='lat' dir='ltr'>castello</span> <span class='ocrx_word' id='word_1_25' title='bbox 1039 447 1164 485; x_wconf 88' lang='lat' dir='ltr'>neque</span> <span class='ocrx_word' id='word_1_26' title='bbox 1196 440 1354 473; x_wconf 80' lang='lat' dir='ltr'>onustus</span> <span class='ocrx_word' id='word_1_27' title='bbox 1385 444 1480 472; x_wconf 82' lang='lat' dir='ltr'>auro</span> <span class='ocrx_word' id='word_1_28' title='bbox 1512 432 1651 472; x_wconf 83' lang='lat' dir='ltr'>asellus</span> 
     </span>
     <span class='ocr_line' id='line_1_5' title="bbox 230 500 1650 553; baseline -0.001 -12"><span class='ocrx_word' id='word_1_29' title='bbox 230 503 380 542; x_wconf 87' lang='lat' dir='ltr'>codices</span> <span class='ocrx_word' id='word_1_30' title='bbox 413 503 426 541; x_wconf 88' lang='grc' dir='ltr'>Ι</span> <span class='ocrx_word' id='word_1_31' title='bbox 452 503 514 549; x_wconf 84' lang='grc'>16,</span> <span class='ocrx_word' id='word_1_32' title='bbox 546 503 591 541; x_wconf 78' lang='lat'>12</span> <span class='ocrx_word' id='word_1_33' title='bbox 626 503 778 541; x_wconf 67' lang='lat' dir='ltr'>liabent.</span> <span class='ocrx_word' id='word_1_34' title='bbox 838 503 1015 553; x_wconf 78' lang='lat' dir='ltr'><strong>Itemque</strong></span> <span class='ocrx_word' id='word_1_35' title='bbox 1053 509 1155 540; x_wconf 90' lang='lat' dir='ltr'>erret</span> <span class='ocrx_word' id='word_1_36' title='bbox 1185 502 1251 553; x_wconf 89' lang='lat' dir='ltr'>qui</span> <span class='ocrx_word' id='word_1_37' title='bbox 1283 515 1328 540; x_wconf 85' lang='lat' dir='ltr'>ex</span> <span class='ocrx_word' id='word_1_38' title='bbox 1359 502 1414 539; x_wconf 88' lang='lat' dir='ltr'>eis</span> <span class='ocrx_word' id='word_1_39' title='bbox 1446 513 1544 552; x_wconf 83' lang='lat' dir='ltr'>quae</span> <span class='ocrx_word' id='word_1_40' title='bbox 1576 500 1650 539; x_wconf 89' lang='lat' dir='ltr'>Pe-</span> 
     </span>
     <span class='ocr_line' id='line_1_6' title="bbox 233 568 1648 623; baseline -0.002 -14"><span class='ocrx_word' id='word_1_41' title='bbox 233 572 383 609; x_wconf 80' lang='lat' dir='ltr'>trarclla</span> <span class='ocrx_word' id='word_1_42' title='bbox 426 571 464 609; x_wconf 93' lang='lat' dir='ltr'>in</span> <span class='ocrx_word' id='word_1_43' title='bbox 503 572 665 623; x_wconf 86' lang='lat' dir='ltr'>epistula</span> <span class='ocrx_word' id='word_1_44' title='bbox 711 571 876 622; x_wconf 87' lang='lat' dir='ltr'>quadam</span> <span class='ocrx_word' id='word_1_45' title='bbox 918 570 1088 620; x_wconf 72' lang='lat' dir='ltr'>(Viertel.</span> <span class='ocrx_word' id='word_1_46' title='bbox 1121 584 1156 622; x_wconf 91' lang='lat' dir='ltr'>p.</span> <span class='ocrx_word' id='word_1_47' title='bbox 1190 569 1262 621; x_wconf 78' lang='lat'>34)</span> <span class='ocrx_word' id='word_1_48' title='bbox 1308 569 1459 608; x_wconf 86' lang='lat' dir='ltr'>scribit:</span> <span class='ocrx_word' id='word_1_49' title='bbox 1507 568 1648 607; x_wconf 87' lang='lat' dir='ltr'>‘Unum</span> 
     </span>
     <span class='ocr_line' id='line_1_7' title="bbox 230 637 1653 690; baseline -0.001 -13"><span class='ocrx_word' id='word_1_50' title='bbox 230 640 538 690; x_wconf 74' lang='lat' dir='ltr'>praetermisisse</span> <span class='ocrx_word' id='word_1_51' title='bbox 576 640 680 678; x_wconf 81' lang='lat' dir='ltr'>dicar</span> <span class='ocrx_word' id='word_1_52' title='bbox 717 640 763 678; x_wconf 90' lang='lat' dir='ltr'>ab</span> <span class='ocrx_word' id='word_1_53' title='bbox 803 640 861 684; x_wconf 79' lang='lat' dir='ltr'>iis,</span> <span class='ocrx_word' id='word_1_54' title='bbox 908 639 986 689; x_wconf 79' lang='lat' dir='ltr'>qui,</span> <span class='ocrx_word' id='word_1_55' title='bbox 1033 646 1076 678; x_wconf 85' lang='lat' dir='ltr'>ut</span> <span class='ocrx_word' id='word_1_56' title='bbox 1119 639 1156 677; x_wconf 89' lang='lat' dir='ltr'>in</span> <span class='ocrx_word' id='word_1_57' title='bbox 1195 639 1353 690; x_wconf 78' lang='lat' dir='ltr'>epistola</span> <span class='ocrx_word' id='word_1_58' title='bbox 1395 637 1559 688; x_wconf 83' lang='lat' dir='ltr'>quadam</span> <span class='ocrx_word' id='word_1_59' title='bbox 1599 637 1653 676; x_wconf 83' lang='lat' dir='ltr'>ait</span> 
     </span>
     <span class='ocr_line' id='line_1_8' title="bbox 230 706 1649 758; baseline -0.001 -13"><span class='ocrx_word' id='word_1_60' title='bbox 230 708 356 746; x_wconf 79' lang='lat' dir='ltr'>Julius</span> <span class='ocrx_word' id='word_1_61' title='bbox 390 707 539 748; x_wconf 81' lang='lat' dir='ltr'>Caesar,</span> <span class='ocrx_word' id='word_1_62' title='bbox 571 709 639 747; x_wconf 72' lang='lat' dir='ltr'>tibi</span> <span class='ocrx_word' id='word_1_63' title='bbox 666 716 699 747; x_wconf 81' lang='lat' dir='ltr'>et</span> <span class='ocrx_word' id='word_1_64' title='bbox 730 708 823 746; x_wconf 68' lang='lat' dir='ltr'>milae·</span> <span class='ocrx_word' id='word_1_65' title='bbox 848 708 1006 758; x_wconf 78' lang='lat' dir='ltr'>fuerant</span> <span class='ocrx_word' id='word_1_66' title='bbox 1035 709 1284 747; x_wconf 73' lang='lat' dir='ltr'>inimicissimi</span> <span class='ocrx_word' id='word_1_67' title='bbox 1313 737 1321 744; x_wconf 93' lang='lat'><strong>.</strong></span> <span class='ocrx_word' id='word_1_68' title='bbox 1346 736 1353 744; x_wconf 91' lang='lat'><strong>.</strong></span> <span class='ocrx_word' id='word_1_69' title='bbox 1379 706 1399 744; x_wconf 73' lang='lat'>,⁹</span> <span class='ocrx_word' id='word_1_70' title='bbox 1433 706 1649 752; x_wconf 83' lang='lat' dir='ltr'>concludat,</span> 
     </span>
     <span class='ocr_line' id='line_1_9' title="bbox 238 774 1652 827; baseline 0 -14"><span class='ocrx_word' id='word_1_71' title='bbox 238 777 404 826; x_wconf 67' lang='lat' dir='ltr'>{semper}</span> <span class='ocrx_word' id='word_1_72' title='bbox 438 777 596 826; x_wconf 80' lang='lat' dir='ltr'>fueraut</span> <span class='ocrx_word' id='word_1_73' title='bbox 627 788 695 827; x_wconf 91' lang='lat' dir='ltr'>pro</span> <span class='ocrx_word' id='word_1_74' title='bbox 730 774 928 827; x_wconf 80' lang='lat' dir='ltr'>&lt;semper&gt;</span> <span class='ocrx_word' id='word_1_75' title='bbox 973 776 1133 826; x_wconf 77' lang='lat' dir='ltr'>fuerunt</span> <span class='ocrx_word' id='word_1_76' title='bbox 1175 777 1210 813; x_wconf 91' lang='lat' dir='ltr'>in</span> <span class='ocrx_word' id='word_1_77' title='bbox 1251 774 1480 814; x_wconf 84' lang='lat' dir='ltr'>Petrarchae</span> <span class='ocrx_word' id='word_1_78' title='bbox 1521 774 1652 813; x_wconf 86' lang='lat' dir='ltr'>codice</span> 
     </span>
     <span class='ocr_line' id='line_1_10' title="bbox 232 842 1649 894; baseline 0 -13"><span class='ocrx_word' id='word_1_79' title='bbox 232 844 374 889; x_wconf 63' lang='lat' dir='ltr'>t&#39;uisseg</span> <span class='ocrx_word' id='word_1_80' title='bbox 407 856 495 882; x_wconf 87' lang='lat' dir='ltr'>nam</span> <span class='ocrx_word' id='word_1_81' title='bbox 519 843 558 881; x_wconf 87' lang='lat' dir='ltr'>in</span> <span class='ocrx_word' id='word_1_82' title='bbox 580 842 738 881; x_wconf 84' lang='lat' dir='ltr'>historia</span> <span class='ocrx_word' id='word_1_83' title='bbox 761 842 850 880; x_wconf 90' lang='lat' dir='ltr'>Julii</span> <span class='ocrx_word' id='word_1_84' title='bbox 874 844 1046 882; x_wconf 82' lang='lat' dir='ltr'>Caesaris</span> <span class='ocrx_word' id='word_1_85' title='bbox 1071 843 1278 882; x_wconf 81' lang='lat' dir='ltr'>Petrarcha</span> <span class='ocrx_word' id='word_1_86' title='bbox 1302 850 1420 882; x_wconf 86' lang='lat' dir='ltr'>totam</span> <span class='ocrx_word' id='word_1_87' title='bbox 1445 843 1649 894; x_wconf 73' lang='lat' dir='ltr'>epistulam</span> 
     </span>
     <span class='ocr_line' id='line_1_11' title="bbox 230 909 1652 964; baseline 0 -14"><span class='ocrx_word' id='word_1_88' title='bbox 230 912 279 950; x_wconf 76' lang='lat' dir='ltr'>lx</span> <span class='ocrx_word' id='word_1_89' title='bbox 302 913 358 950; x_wconf 87' lang='lat' dir='ltr'>7c</span> <span class='ocrx_word' id='word_1_90' title='bbox 389 912 514 950; x_wconf 78' lang='lat' dir='ltr'>adfert</span> <span class='ocrx_word' id='word_1_91' title='bbox 545 918 659 962; x_wconf 81' lang='lat' dir='ltr'>atque</span> <span class='ocrx_word' id='word_1_92' title='bbox 696 909 889 964; x_wconf 79' lang='lat' dir='ltr'>(semper)</span> <span class='ocrx_word' id='word_1_93' title='bbox 924 913 1085 963; x_wconf 73' lang='lat' dir='ltr'>fuerunt</span> <span class='ocrx_word' id='word_1_94' title='bbox 1115 912 1261 950; x_wconf 81' lang='lat' dir='ltr'>scribit.</span> <span class='ocrx_word' id='word_1_95' title='bbox 1325 912 1442 950; x_wconf 74' lang='lat' dir='ltr'>Multo</span> <span class='ocrx_word' id='word_1_96' title='bbox 1488 911 1652 950; x_wconf 80' lang='lat' dir='ltr'>certiora</span> 
     </span>
     <span class='ocr_line' id='line_1_12' title="bbox 233 979 1653 1030; baseline 0 -12"><span class='ocrx_word' id='word_1_97' title='bbox 233 988 348 1030; x_wconf 85' lang='lat' dir='ltr'>atque</span> <span class='ocrx_word' id='word_1_98' title='bbox 402 980 570 1018; x_wconf 82' lang='lat' dir='ltr'>firmiora</span> <span class='ocrx_word' id='word_1_99' title='bbox 617 993 659 1018; x_wconf 87' lang='lat' dir='ltr'>ea</span> <span class='ocrx_word' id='word_1_100' title='bbox 707 986 810 1025; x_wconf 82' lang='lat' dir='ltr'>sunt,</span> <span class='ocrx_word' id='word_1_101' title='bbox 862 992 960 1030; x_wconf 81' lang='lat' dir='ltr'>quae</span> <span class='ocrx_word' id='word_1_102' title='bbox 1007 979 1215 1019; x_wconf 87' lang='lat' dir='ltr'>Petrarcha</span> <span class='ocrx_word' id='word_1_103' title='bbox 1262 981 1300 1019; x_wconf 90' lang='lat' dir='ltr'>in</span> <span class='ocrx_word' id='word_1_104' title='bbox 1351 979 1513 1018; x_wconf 87' lang='lat' dir='ltr'>historia</span> <span class='ocrx_word' id='word_1_105' title='bbox 1562 979 1653 1018; x_wconf 93' lang='lat' dir='ltr'>Julii</span> 
     </span>
     <span class='ocr_line' id='line_1_13' title="bbox 237 1047 1654 1100; baseline 0.001 -15"><span class='ocrx_word' id='word_1_106' title='bbox 237 1047 411 1086; x_wconf 78' lang='lat' dir='ltr'>Caesaris</span> <span class='ocrx_word' id='word_1_107' title='bbox 454 1049 587 1099; x_wconf 76' lang='lat' dir='ltr'>ponit3</span> <span class='ocrx_word' id='word_1_108' title='bbox 632 1060 720 1086; x_wconf 88' lang='lat' dir='ltr'>nam</span> <span class='ocrx_word' id='word_1_109' title='bbox 760 1060 848 1086; x_wconf 89' lang='lat' dir='ltr'>cum</span> <span class='ocrx_word' id='word_1_110' title='bbox 895 1048 932 1086; x_wconf 90' lang='lat' dir='ltr'>in</span> <span class='ocrx_word' id='word_1_111' title='bbox 980 1060 1061 1099; x_wconf 90' lang='lat' dir='ltr'>cap.</span> <span class='ocrx_word' id='word_1_112' title='bbox 1092 1047 1160 1086; x_wconf 82' lang='lat' dir='ltr'>XX</span> <span class='ocrx_word' id='word_1_113' title='bbox 1208 1048 1428 1100; x_wconf 81' lang='lat' dir='ltr'>complures</span> <span class='ocrx_word' id='word_1_114' title='bbox 1469 1048 1654 1099; x_wconf 83' lang='lat' dir='ltr'>epistulas</span> 
     </span>
     <span class='ocr_line' id='line_1_14' title="bbox 237 1114 1653 1169; baseline 0.001 -15"><span class='ocrx_word' id='word_1_115' title='bbox 237 1129 379 1166; x_wconf 84' lang='lat' dir='ltr'>easque</span> <span class='ocrx_word' id='word_1_116' title='bbox 411 1114 598 1169; x_wconf 53' lang='lat' dir='ltr'>totasg&#39;Ivel</span> <span class='ocrx_word' id='word_1_117' title='bbox 634 1128 811 1166; x_wconf 83' lang='lat' dir='ltr'>magnam</span> <span class='ocrx_word' id='word_1_118' title='bbox 845 1123 994 1167; x_wconf 87' lang='lat' dir='ltr'>partem</span> <span class='ocrx_word' id='word_1_119' title='bbox 1027 1116 1184 1163; x_wconf 84' lang='lat' dir='ltr'>adferat,</span> <span class='ocrx_word' id='word_1_120' title='bbox 1227 1129 1272 1155; x_wconf 83' lang='lat' dir='ltr'>ex</span> <span class='ocrx_word' id='word_1_121' title='bbox 1318 1116 1365 1155; x_wconf 89' lang='lat' dir='ltr'>iis</span> <span class='ocrx_word' id='word_1_122' title='bbox 1411 1116 1653 1162; x_wconf 77' lang='lat' dir='ltr'>lectionibus,</span> 
     </span>
     <span class='ocr_line' id='line_1_15' title="bbox 233 1183 1653 1236; baseline 0 -12"><span class='ocrx_word' id='word_1_123' title='bbox 233 1185 375 1236; x_wconf 73' lang='lat' dir='ltr'>quibus</span> <span class='ocrx_word' id='word_1_124' title='bbox 407 1183 612 1223; x_wconf 82' lang='lat' dir='ltr'>Petrarcha</span> <span class='ocrx_word' id='word_1_125' title='bbox 647 1183 787 1229; x_wconf 87' lang='lat' dir='ltr'>utitur,</span> <span class='ocrx_word' id='word_1_126' title='bbox 829 1184 978 1222; x_wconf 83' lang='lat' dir='ltr'>facilius</span> <span class='ocrx_word' id='word_1_127' title='bbox 1010 1185 1192 1223; x_wconf 78' lang='lat' dir='ltr'>constitui</span> <span class='ocrx_word' id='word_1_128' title='bbox 1226 1192 1365 1236; x_wconf 85' lang='lat' dir='ltr'>potest,</span> <span class='ocrx_word' id='word_1_129' title='bbox 1412 1185 1524 1235; x_wconf 86' lang='lat' dir='ltr'>quale</span> <span class='ocrx_word' id='word_1_130' title='bbox 1570 1186 1653 1224; x_wconf 89' lang='lat' dir='ltr'>eius</span> 
     </span>
     <span class='ocr_line' id='line_1_16' title="bbox 235 1252 1653 1305; baseline 0.001 -14"><span class='ocrx_word' id='word_1_131' title='bbox 235 1253 485 1305; x_wconf 78' lang='lat' dir='ltr'>apographon</span> <span class='ocrx_word' id='word_1_132' title='bbox 512 1253 640 1291; x_wconf 85' lang='lat' dir='ltr'>fuerit..</span> <span class='ocrx_word' id='word_1_133' title='bbox 690 1252 934 1291; x_wconf 77' lang='lat' dir='ltr'>Editionibus</span> <span class='ocrx_word' id='word_1_134' title='bbox 975 1254 1122 1291; x_wconf 84' lang='lat' dir='ltr'>utimur</span> <span class='ocrx_word' id='word_1_135' title='bbox 1157 1267 1175 1292; x_wconf 88' lang='lat' dir='ltr'>a</span> <span class='ocrx_word' id='word_1_136' title='bbox 1212 1254 1447 1292; x_wconf 86' lang='lat' dir='ltr'>Schneidero</span> <span class='ocrx_word' id='word_1_137' title='bbox 1478 1266 1510 1292; x_wconf 89' lang='lat' dir='ltr'>a.</span> <span class='ocrx_word' id='word_1_138' title='bbox 1546 1252 1653 1292; x_wconf 78' lang='lat'>1827</span> 
     </span>
     <span class='ocr_line' id='line_1_17' title="bbox 236 1319 1654 1373; baseline 0 -13"><span class='ocrx_word' id='word_1_139' title='bbox 236 1330 274 1360; x_wconf 89' lang='lat' dir='ltr'>et</span> <span class='ocrx_word' id='word_1_140' title='bbox 309 1335 328 1360; x_wconf 94' lang='lat' dir='ltr'>a</span> <span class='ocrx_word' id='word_1_141' title='bbox 376 1321 596 1360; x_wconf 88' lang='lat' dir='ltr'>Razzolinio</span> <span class='ocrx_word' id='word_1_142' title='bbox 642 1333 673 1358; x_wconf 88' lang='lat' dir='ltr'>a.</span> <span class='ocrx_word' id='word_1_143' title='bbox 712 1319 817 1359; x_wconf 79' lang='lat'>1879</span> <span class='ocrx_word' id='word_1_144' title='bbox 860 1323 1022 1361; x_wconf 83' lang='lat' dir='ltr'>curatis:</span> <span class='ocrx_word' id='word_1_145' title='bbox 1070 1321 1263 1373; x_wconf 85' lang='lat' dir='ltr'>posterior</span> <span class='ocrx_word' id='word_1_146' title='bbox 1308 1321 1425 1360; x_wconf 87' lang='lat' dir='ltr'>editio</span> <span class='ocrx_word' id='word_1_147' title='bbox 1468 1321 1654 1361; x_wconf 84' lang='lat' dir='ltr'>lectiones</span> 
     </span>
     <span class='ocr_line' id='line_1_18' title="bbox 235 1389 1651 1440; baseline 0 -12"><span class='ocrx_word' id='word_1_148' title='bbox 235 1390 414 1429; x_wconf 87' lang='lat' dir='ltr'>codicum</span> <span class='ocrx_word' id='word_1_149' title='bbox 454 1402 533 1428; x_wconf 88' lang='lat' dir='ltr'>uon</span> <span class='ocrx_word' id='word_1_150' title='bbox 572 1389 708 1436; x_wconf 78' lang='lat' dir='ltr'>adfert,</span> <span class='ocrx_word' id='word_1_151' title='bbox 746 1389 862 1428; x_wconf 86' lang='lat' dir='ltr'>habet</span> <span class='ocrx_word' id='word_1_152' title='bbox 900 1402 988 1428; x_wconf 90' lang='lat' dir='ltr'>vero</span> <span class='ocrx_word' id='word_1_153' title='bbox 1026 1390 1240 1428; x_wconf 86' lang='lat' dir='ltr'>versionem</span> <span class='ocrx_word' id='word_1_154' title='bbox 1283 1389 1427 1440; x_wconf 86' lang='lat' dir='ltr'>vulgari</span> <span class='ocrx_word' id='word_1_155' title='bbox 1470 1389 1651 1429; x_wconf 87' lang='lat' dir='ltr'>Italorum</span> 
     </span>
     <span class='ocr_line' id='line_1_19' title="bbox 239 1457 1118 1498; baseline -0.003 0"><span class='ocrx_word' id='word_1_156' title='bbox 239 1471 420 1498; x_wconf 87' lang='lat' dir='ltr'>sermone</span> <span class='ocrx_word' id='word_1_157' title='bbox 457 1464 622 1497; x_wconf 83' lang='lat' dir='ltr'>exeunte</span> <span class='ocrx_word' id='word_1_158' title='bbox 656 1457 749 1496; x_wconf 89' lang='lat' dir='ltr'>XIV.</span> <span class='ocrx_word' id='word_1_159' title='bbox 783 1459 934 1496; x_wconf 91' lang='lat' dir='ltr'>saeculo</span> <span class='ocrx_word' id='word_1_160' title='bbox 966 1458 1118 1497; x_wconf 85' lang='lat' dir='ltr'>factam.</span> 
     </span>
    </p>

    <p class='ocr_par' dir='ltr' id='par_1_3' title="bbox 236 1526 1655 1988">
     <span class='ocr_line' id='line_1_20' title="bbox 355 1526 1652 1578; baseline 0 -13"><span class='ocrx_word' id='word_1_161' title='bbox 355 1527 405 1573; x_wconf 82' lang='lat' dir='ltr'>Is,</span> <span class='ocrx_word' id='word_1_162' title='bbox 437 1527 498 1566; x_wconf 89' lang='lat' dir='ltr'>cui</span> <span class='ocrx_word' id='word_1_163' title='bbox 537 1538 681 1577; x_wconf 81' lang='lat' dir='ltr'>paucae</span> <span class='ocrx_word' id='word_1_164' title='bbox 712 1526 897 1564; x_wconf 82' lang='lat' dir='ltr'>lectiones</span> <span class='ocrx_word' id='word_1_165' title='bbox 938 1532 1091 1578; x_wconf 86' lang='lat' dir='ltr'>praesto</span> <span class='ocrx_word' id='word_1_166' title='bbox 1129 1532 1221 1565; x_wconf 86' lang='lat' dir='ltr'>sunt</span> <span class='ocrx_word' id='word_1_167' title='bbox 1266 1526 1311 1564; x_wconf 87' lang='lat' dir='ltr'>ad</span> <span class='ocrx_word' id='word_1_168' title='bbox 1359 1526 1523 1577; x_wconf 87' lang='lat' dir='ltr'>aliquam</span> <span class='ocrx_word' id='word_1_169' title='bbox 1573 1539 1652 1565; x_wconf 91' lang='lat' dir='ltr'>rem</span> 
     </span>
     <span class='ocr_line' id='line_1_21' title="bbox 236 1593 1655 1646; baseline -0.001 -12"><span class='ocrx_word' id='word_1_170' title='bbox 236 1595 593 1641; x_wconf 83' lang='lat' dir='ltr'>demonstrandam,</span> <span class='ocrx_word' id='word_1_171' title='bbox 645 1594 861 1633; x_wconf 86' lang='lat' dir='ltr'>rectissime</span> <span class='ocrx_word' id='word_1_172' title='bbox 908 1606 986 1632; x_wconf 88' lang='lat' dir='ltr'>rem</span> <span class='ocrx_word' id='word_1_173' title='bbox 1034 1593 1087 1633; x_wconf 83' lang='lat' dir='ltr'>ita</span> <span class='ocrx_word' id='word_1_174' title='bbox 1132 1601 1229 1645; x_wconf 79' lang='lat' dir='ltr'>aget,</span> <span class='ocrx_word' id='word_1_175' title='bbox 1282 1600 1324 1633; x_wconf 87' lang='lat' dir='ltr'>ut</span> <span class='ocrx_word' id='word_1_176' title='bbox 1375 1594 1465 1633; x_wconf 86' lang='lat' dir='ltr'>istas</span> <span class='ocrx_word' id='word_1_177' title='bbox 1515 1607 1655 1646; x_wconf 88' lang='lat' dir='ltr'>paucas</span> 
     </span>
     <span class='ocr_line' id='line_1_22' title="bbox 239 1662 1654 1703; baseline 0 0"><span class='ocrx_word' id='word_1_178' title='bbox 239 1665 422 1703; x_wconf 83' lang='lat' dir='ltr'>lectiones</span> <span class='ocrx_word' id='word_1_179' title='bbox 457 1665 493 1702; x_wconf 91' lang='lat' dir='ltr'>in</span> <span class='ocrx_word' id='word_1_180' title='bbox 527 1663 647 1702; x_wconf 90' lang='lat' dir='ltr'>bonas</span> <span class='ocrx_word' id='word_1_181' title='bbox 680 1669 718 1702; x_wconf 90' lang='lat' dir='ltr'>et</span> <span class='ocrx_word' id='word_1_182' title='bbox 749 1663 868 1702; x_wconf 89' lang='lat' dir='ltr'>malas</span> <span class='ocrx_word' id='word_1_183' title='bbox 900 1669 938 1701; x_wconf 87' lang='lat' dir='ltr'>et</span> <span class='ocrx_word' id='word_1_184' title='bbox 970 1662 1114 1701; x_wconf 90' lang='lat' dir='ltr'>medias</span> <span class='ocrx_word' id='word_1_185' title='bbox 1146 1663 1390 1702; x_wconf 87' lang='lat' dir='ltr'>neutralesve</span> <span class='ocrx_word' id='word_1_186' title='bbox 1416 1687 1470 1692; x_wconf 85' lang='lat'>-—</span> <span class='ocrx_word' id='word_1_187' title='bbox 1492 1663 1654 1703; x_wconf 85' lang='lat' dir='ltr'>barbaro</span> 
     </span>
     <span class='ocr_line' id='line_1_23' title="bbox 239 1731 1654 1783; baseline 0 -12"><span class='ocrx_word' id='word_1_188' title='bbox 239 1733 341 1772; x_wconf 90' lang='lat' dir='ltr'>enim</span> <span class='ocrx_word' id='word_1_189' title='bbox 357 1733 474 1771; x_wconf 83' lang='lat' dir='ltr'>verbo</span> <span class='ocrx_word' id='word_1_190' title='bbox 493 1732 550 1771; x_wconf 86' lang='lat' dir='ltr'>uti</span> <span class='ocrx_word' id='word_1_191' title='bbox 567 1744 646 1771; x_wconf 90' lang='lat' dir='ltr'>non</span> <span class='ocrx_word' id='word_1_192' title='bbox 665 1743 879 1783; x_wconf 87' lang='lat' dir='ltr'>numquam</span> <span class='ocrx_word' id='word_1_193' title='bbox 898 1731 988 1770; x_wconf 88' lang='lat' dir='ltr'>licet</span> <span class='ocrx_word' id='word_1_194' title='bbox 1004 1754 1056 1759; x_wconf 90' lang='lat'><strong>—</strong></span> <span class='ocrx_word' id='word_1_195' title='bbox 1075 1731 1269 1779; x_wconf 71' lang='lat' dir='ltr'>discribat.</span> <span class='ocrx_word' id='word_1_196' title='bbox 1308 1731 1440 1782; x_wconf 86' lang='lat' dir='ltr'>ltaque</span> <span class='ocrx_word' id='word_1_197' title='bbox 1457 1744 1540 1779; x_wconf 68' lang='grc' dir='ltr'>Ποε,</span> <span class='ocrx_word' id='word_1_198' title='bbox 1564 1745 1654 1771; x_wconf 89' lang='lat' dir='ltr'>cum</span> 
     </span>
     <span class='ocr_line' id='line_1_24' title="bbox 236 1798 1654 1851; baseline -0.001 -11"><span class='ocrx_word' id='word_1_199' title='bbox 236 1814 315 1840; x_wconf 85' lang='lat' dir='ltr'>non</span> <span class='ocrx_word' id='word_1_200' title='bbox 329 1802 461 1840; x_wconf 91' lang='lat' dir='ltr'>multis</span> <span class='ocrx_word' id='word_1_201' title='bbox 479 1801 573 1840; x_wconf 89' lang='lat' dir='ltr'>locis</span> <span class='ocrx_word' id='word_1_202' title='bbox 593 1801 644 1839; x_wconf 87' lang='lat' dir='ltr'>uti</span> <span class='ocrx_word' id='word_1_203' title='bbox 663 1800 787 1844; x_wconf 79' lang='lat' dir='ltr'>liceat,</span> <span class='ocrx_word' id='word_1_204' title='bbox 806 1800 977 1851; x_wconf 89' lang='lat' dir='ltr'>primum</span> <span class='ocrx_word' id='word_1_205' title='bbox 996 1800 1191 1839; x_wconf 89' lang='lat' dir='ltr'>neutrales</span> <span class='ocrx_word' id='word_1_206' title='bbox 1203 1800 1261 1838; x_wconf 85' lang='lat' dir='ltr'>vel</span> <span class='ocrx_word' id='word_1_207' title='bbox 1274 1799 1419 1838; x_wconf 85' lang='lat' dir='ltr'>medias</span> <span class='ocrx_word' id='word_1_208' title='bbox 1431 1798 1654 1843; x_wconf 83' lang='lat' dir='ltr'>lectiones*)</span> 
     </span>
     <span class='ocr_line' id='line_1_25' title="bbox 241 1868 1655 1920; baseline 0 -13"><span class='ocrx_word' id='word_1_209' title='bbox 241 1870 473 1915; x_wconf 85' lang='lat' dir='ltr'>adferemus,</span> <span class='ocrx_word' id='word_1_210' title='bbox 507 1869 530 1907; x_wconf 91' lang='lat' dir='ltr'>i.</span> <span class='ocrx_word' id='word_1_211' title='bbox 553 1882 585 1907; x_wconf 92' lang='lat' dir='ltr'>e.</span> <span class='ocrx_word' id='word_1_212' title='bbox 623 1869 714 1907; x_wconf 84' lang='lat' dir='ltr'>tales</span> <span class='ocrx_word' id='word_1_213' title='bbox 746 1868 944 1912; x_wconf 81' lang='lat' dir='ltr'>lectiones,</span> <span class='ocrx_word' id='word_1_214' title='bbox 976 1868 1014 1907; x_wconf 93' lang='lat' dir='ltr'>in</span> <span class='ocrx_word' id='word_1_215' title='bbox 1048 1869 1189 1920; x_wconf 88' lang='lat' dir='ltr'>quibus</span> <span class='ocrx_word' id='word_1_216' title='bbox 1221 1868 1406 1919; x_wconf 81' lang='lat' dir='ltr'>eligendis</span> <span class='ocrx_word' id='word_1_217' title='bbox 1443 1868 1655 1908; x_wconf 81' lang='lat' dir='ltr'>aestiman-</span> 
     </span>
     <span class='ocr_line' id='line_1_26' title="bbox 242 1936 1595 1988; baseline -0.001 -12"><span class='ocrx_word' id='word_1_218' title='bbox 242 1938 377 1988; x_wconf 82' lang='lat' dir='ltr'>disque</span> <span class='ocrx_word' id='word_1_219' title='bbox 411 1950 535 1988; x_wconf 84' lang='lat' dir='ltr'>neque</span> <span class='ocrx_word' id='word_1_220' title='bbox 568 1937 754 1976; x_wconf 89' lang='lat' dir='ltr'>iudicium</span> <span class='ocrx_word' id='word_1_221' title='bbox 787 1949 912 1987; x_wconf 84' lang='lat' dir='ltr'>neque</span> <span class='ocrx_word' id='word_1_222' title='bbox 943 1936 1079 1988; x_wconf 89' lang='lat' dir='ltr'>peritia</span> <span class='ocrx_word' id='word_1_223' title='bbox 1108 1937 1261 1987; x_wconf 82' lang='lat' dir='ltr'>linguae</span> <span class='ocrx_word' id='word_1_224' title='bbox 1291 1936 1448 1977; x_wconf 87' lang='lat' dir='ltr'>Latinae</span> <span class='ocrx_word' id='word_1_225' title='bbox 1479 1938 1595 1976; x_wconf 89' lang='lat' dir='ltr'>valet:</span> 
     </span>
    </p>

    <p class='ocr_par' dir='ltr' id='par_1_4' title="bbox 237 2005 1654 2537">
     <span class='ocr_line' id='line_1_27' title="bbox 360 2005 1652 2058; baseline 0 -15"><span class='ocrx_word' id='word_1_226' title='bbox 360 2006 444 2044; x_wconf 84' lang='lat' dir='ltr'>VIII</span> <span class='ocrx_word' id='word_1_227' title='bbox 470 2007 532 2052; x_wconf 72' lang='lat'>11,</span> <span class='ocrx_word' id='word_1_228' title='bbox 560 2005 665 2045; x_wconf 85' lang='lat'>1-3</span> <span class='ocrx_word' id='word_1_229' title='bbox 689 2019 707 2044; x_wconf 89' lang='lat' dir='ltr'>a</span> <span class='ocrx_word' id='word_1_230' title='bbox 728 2005 937 2044; x_wconf 80' lang='lat' dir='ltr'>Petrarcha</span> <span class='ocrx_word' id='word_1_231' title='bbox 959 2005 1188 2044; x_wconf 85' lang='lat' dir='ltr'>adferuntur</span> <span class='ocrx_word' id='word_1_232' title='bbox 1210 2005 1247 2043; x_wconf 89' lang='lat' dir='ltr'>in</span> <span class='ocrx_word' id='word_1_233' title='bbox 1269 2005 1345 2044; x_wconf 79' lang='lat' dir='ltr'>vita</span> <span class='ocrx_word' id='word_1_234' title='bbox 1369 2006 1539 2044; x_wconf 87' lang='lat' dir='ltr'>Caesaris</span> <span class='ocrx_word' id='word_1_235' title='bbox 1571 2018 1652 2058; x_wconf 86' lang='lat' dir='ltr'>cap.</span> 
     </span>
     <span class='ocr_line' id='line_1_28' title="bbox 241 2073 1651 2125; baseline 0 -12"><span class='ocrx_word' id='word_1_236' title='bbox 241 2074 309 2113; x_wconf 72' lang='lat' dir='ltr'>XX</span> <span class='ocrx_word' id='word_1_237' title='bbox 342 2073 438 2122; x_wconf 71' lang='lat'>§23</span> <span class='ocrx_word' id='word_1_238' title='bbox 473 2074 628 2125; x_wconf 53' lang='lat' dir='ltr'>(1245ss</span> <span class='ocrx_word' id='word_1_239' title='bbox 662 2087 746 2125; x_wconf 81' lang='lat' dir='ltr'>squ.</span> <span class='ocrx_word' id='word_1_240' title='bbox 780 2075 837 2112; x_wconf 90' lang='lat' dir='ltr'>ed.</span> <span class='ocrx_word' id='word_1_241' title='bbox 862 2074 1002 2124; x_wconf 85' lang='lat' dir='ltr'>Razz.).</span> <span class='ocrx_word' id='word_1_242' title='bbox 1045 2074 1112 2121; x_wconf 81' lang='lat'>§2</span> <span class='ocrx_word' id='word_1_243' title='bbox 1142 2081 1266 2125; x_wconf 66' lang='lat' dir='ltr'>gentes</span> <span class='ocrx_word' id='word_1_244' title='bbox 1295 2075 1401 2124; x_wconf 81' lang='lat' dir='ltr'>feras</span> <span class='ocrx_word' id='word_1_245' title='bbox 1431 2076 1472 2113; x_wconf 78' lang='lat' dir='ltr'>in</span> <span class='ocrx_word' id='word_1_246' title='bbox 1502 2073 1651 2114; x_wconf 76' lang='lat' dir='ltr'>Italiam</span> 
     </span>
     <span class='ocr_line' id='line_1_29' title="bbox 240 2142 1654 2194; baseline -0.001 -12"><span class='ocrx_word' id='word_1_247' title='bbox 240 2149 411 2182; x_wconf 72' lang='lat' dir='ltr'>armatas</span> <span class='ocrx_word' id='word_1_248' title='bbox 460 2142 647 2181; x_wconf 80' lang='lat' dir='ltr'>adducere</span> <span class='ocrx_word' id='word_1_249' title='bbox 698 2142 814 2187; x_wconf 60' lang='lat' dir='ltr'>Petr„</span> <span class='ocrx_word' id='word_1_250' title='bbox 862 2142 902 2189; x_wconf 88' lang='lat' dir='ltr'>E,</span> <span class='ocrx_word' id='word_1_251' title='bbox 922 2142 1038 2189; x_wconf 81' lang='lat' dir='ltr'>0‚R:</span> <span class='ocrx_word' id='word_1_252' title='bbox 1082 2149 1207 2194; x_wconf 55' lang='lat' dir='ltr'>³qentes</span> <span class='ocrx_word' id='word_1_253' title='bbox 1249 2143 1358 2194; x_wconf 81' lang='lat' dir='ltr'>feras</span> <span class='ocrx_word' id='word_1_254' title='bbox 1401 2150 1569 2182; x_wconf 82' lang='lat' dir='ltr'>armatas</span> <span class='ocrx_word' id='word_1_255' title='bbox 1613 2145 1654 2181; x_wconf 79' lang='lat' dir='ltr'>in</span> 
     </span>
     <span class='ocr_line' id='line_1_30' title="bbox 241 2210 1652 2262; baseline 0 -12"><span class='ocrx_word' id='word_1_256' title='bbox 241 2210 389 2250; x_wconf 75' lang='lat' dir='ltr'>Italiam</span> <span class='ocrx_word' id='word_1_257' title='bbox 422 2211 608 2249; x_wconf 76' lang='lat' dir='ltr'>adducere</span> <span class='ocrx_word' id='word_1_258' title='bbox 640 2210 684 2248; x_wconf 71' lang='grc' dir='ltr'>Μ,</span> <span class='ocrx_word' id='word_1_259' title='bbox 739 2234 786 2237; x_wconf 55' lang='grc'>«-</span> <span class='ocrx_word' id='word_1_260' title='bbox 835 2210 884 2249; x_wconf 84' lang='lat' dir='ltr'>IX</span> <span class='ocrx_word' id='word_1_261' title='bbox 908 2212 971 2257; x_wconf 79' lang='lat' dir='ltr'>7c,</span> <span class='ocrx_word' id='word_1_262' title='bbox 996 2210 1020 2248; x_wconf 83' lang='lat'>2</span> <span class='ocrx_word' id='word_1_263' title='bbox 1054 2212 1174 2259; x_wconf 86' lang='lat' dir='ltr'>(Caes.</span> <span class='ocrx_word' id='word_1_264' title='bbox 1206 2223 1238 2249; x_wconf 88' lang='lat' dir='ltr'>c.</span> <span class='ocrx_word' id='word_1_265' title='bbox 1261 2210 1331 2248; x_wconf 83' lang='lat' dir='ltr'>XX</span> <span class='ocrx_word' id='word_1_266' title='bbox 1361 2213 1383 2258; x_wconf 70' lang='grc' dir='ltr'><strong>ξ</strong></span> <span class='ocrx_word' id='word_1_267' title='bbox 1405 2210 1479 2257; x_wconf 71' lang='lat'>43;</span> <span class='ocrx_word' id='word_1_268' title='bbox 1511 2224 1546 2262; x_wconf 88' lang='lat' dir='ltr'>p.</span> <span class='ocrx_word' id='word_1_269' title='bbox 1571 2210 1652 2250; x_wconf 79' lang='lat'>478</span> 
     </span>
     <span class='ocr_line' id='line_1_31' title="bbox 241 2276 1650 2331; baseline 0.001 -14"><span class='ocrx_word' id='word_1_270' title='bbox 241 2279 298 2318; x_wconf 89' lang='lat' dir='ltr'>ed.</span> <span class='ocrx_word' id='word_1_271' title='bbox 334 2279 458 2327; x_wconf 83' lang='lat' dir='ltr'>Razz.)</span> <span class='ocrx_word' id='word_1_272' title='bbox 497 2278 580 2317; x_wconf 84' lang='lat' dir='ltr'>Iam</span> <span class='ocrx_word' id='word_1_273' title='bbox 610 2279 683 2317; x_wconf 82' lang='lat' dir='ltr'>duo</span> <span class='ocrx_word' id='word_1_274' title='bbox 711 2280 898 2330; x_wconf 74' lang='lat' dir='ltr'>praefecti</span> <span class='ocrx_word' id='word_1_275' title='bbox 923 2283 1093 2330; x_wconf 73' lang='lat' dir='ltr'>partium</span> <span class='ocrx_word' id='word_1_276' title='bbox 1124 2279 1274 2331; x_wconf 77' lang='lat' dir='ltr'>Pompei</span> <span class='ocrx_word' id='word_1_277' title='bbox 1302 2279 1419 2324; x_wconf 88' lang='lat' dir='ltr'>Petr.‚</span> <span class='ocrx_word' id='word_1_278' title='bbox 1458 2276 1514 2317; x_wconf 55' lang='grc' dir='ltr'>ΕΞ</span> <span class='ocrx_word' id='word_1_279' title='bbox 1547 2285 1650 2318; x_wconf 66' lang='lat' dir='ltr'>lnam</span> 
     </span>
     <span class='ocr_line' id='line_1_32' title="bbox 240 2347 1653 2399; baseline 0 -13"><span class='ocrx_word' id='word_1_280' title='bbox 240 2348 290 2386; x_wconf 68' lang='grc' dir='ltr'>Ει</span> <span class='ocrx_word' id='word_1_281' title='bbox 321 2348 557 2399; x_wconf 78' lang='lat' dir='ltr'>praefectum</span> <span class='ocrx_word' id='word_1_282' title='bbox 589 2348 816 2399; x_wconf 74' lang='lat' dir='ltr'>deprehendi</span> <span class='ocrx_word' id='word_1_283' title='bbox 847 2378 855 2386; x_wconf 93' lang='lat'><strong>.</strong></span> <span class='ocrx_word' id='word_1_284' title='bbox 881 2380 885 2386; x_wconf 91' lang='lat'>.</span> <span class='ocrx_word' id='word_1_285' title='bbox 912 2378 919 2386; x_wconf 91' lang='lat'><strong>.</strong></span> <span class='ocrx_word' id='word_1_286' title='bbox 945 2378 952 2385; x_wconf 89' lang='lat'><strong>.</strong></span> <span class='ocrx_word' id='word_1_287' title='bbox 984 2348 1141 2399; x_wconf 80' lang='lat' dir='ltr'>fabrum</span> <span class='ocrx_word' id='word_1_288' title='bbox 1173 2348 1326 2399; x_wconf 76' lang='lat' dir='ltr'>Pompei</span> <span class='ocrx_word' id='word_1_289' title='bbox 1345 2347 1505 2393; x_wconf 75' lang='lat' dir='ltr'>omisit),</span> <span class='ocrx_word' id='word_1_290' title='bbox 1539 2347 1653 2395; x_wconf 77' lang='lat' dir='ltr'>0‚R·,</span> 
     </span>
     <span class='ocr_line' id='line_1_33' title="bbox 242 2415 1652 2468; baseline 0 -14"><span class='ocrx_word' id='word_1_291' title='bbox 242 2423 375 2455; x_wconf 87' lang='lat' dir='ltr'>contra</span> <span class='ocrx_word' id='word_1_292' title='bbox 401 2417 640 2468; x_wconf 77' lang='lat' dir='ltr'>praefectum</span> <span class='ocrx_word' id='word_1_293' title='bbox 675 2417 832 2464; x_wconf 74' lang='lat' dir='ltr'>fabrum</span> <span class='ocrx_word' id='word_1_294' title='bbox 863 2416 1016 2467; x_wconf 73' lang='lat' dir='ltr'>Pompei</span> <span class='ocrx_word' id='word_1_295' title='bbox 1043 2416 1098 2461; x_wconf 54' lang='lat'>513</span> <span class='ocrx_word' id='word_1_296' title='bbox 1137 2417 1260 2455; x_wconf 85' lang='lat' dir='ltr'>versio</span> <span class='ocrx_word' id='word_1_297' title='bbox 1292 2416 1436 2455; x_wconf 81' lang='lat' dir='ltr'>italica:</span> <span class='ocrx_word' id='word_1_298' title='bbox 1477 2415 1546 2455; x_wconf 77' lang='lat' dir='ltr'>Gia&#39;</span> <span class='ocrx_word' id='word_1_299' title='bbox 1581 2417 1652 2455; x_wconf 85' lang='lat' dir='ltr'>due</span> 
     </span>
     <span class='ocr_line' id='line_1_34' title="bbox 237 2484 1652 2537; baseline -0.001 -13"><span class='ocrx_word' id='word_1_300' title='bbox 237 2485 394 2537; x_wconf 78' lang='lat' dir='ltr'>presettz’</span> <span class='ocrx_word' id='word_1_301' title='bbox 423 2484 521 2523; x_wconf 84' lang='lat' dir='ltr'>della</span> <span class='ocrx_word' id='word_1_302' title='bbox 546 2491 656 2535; x_wconf 83' lang='lat' dir='ltr'>parte</span> <span class='ocrx_word' id='word_1_303' title='bbox 689 2485 730 2523; x_wconf 79' lang='lat' dir='ltr'>di</span> <span class='ocrx_word' id='word_1_304' title='bbox 757 2484 928 2535; x_wconf 78' lang='lat' dir='ltr'>Pompeo.</span> <span class='ocrx_word' id='word_1_305' title='bbox 989 2484 1161 2535; x_wconf 87' lang='lat' dir='ltr'>Utraque</span> <span class='ocrx_word' id='word_1_306' title='bbox 1206 2485 1318 2524; x_wconf 91' lang='lat' dir='ltr'>lectio</span> <span class='ocrx_word' id='word_1_307' title='bbox 1365 2484 1529 2535; x_wconf 85' lang='lat' dir='ltr'>genuina</span> <span class='ocrx_word' id='word_1_308' title='bbox 1568 2497 1652 2523; x_wconf 88' lang='lat' dir='ltr'>esse</span> 
     </span>
    </p>
   </div>
   <div class='ocr_carea' id='block_1_3' title="bbox 243 2632 1651 2729">
    <p class='ocr_par' dir='ltr' id='par_1_5' title="bbox 243 2632 1651 2729">
     <span class='ocr_line' id='line_1_35' title="bbox 333 2632 1651 2673; baseline 0.001 -9"><span class='ocrx_word' id='word_1_309' title='bbox 333 2634 361 2667; x_wconf 71' lang='lat' dir='ltr'>*l</span> <span class='ocrx_word' id='word_1_310' title='bbox 389 2633 457 2664; x_wconf 84' lang='lat' dir='ltr'>Eae</span> <span class='ocrx_word' id='word_1_311' title='bbox 483 2632 660 2671; x_wconf 73' lang='lat' dir='ltr'>lectiones,</span> <span class='ocrx_word' id='word_1_312' title='bbox 685 2641 765 2673; x_wconf 87' lang='lat' dir='ltr'>quas</span> <span class='ocrx_word' id='word_1_313' title='bbox 793 2632 911 2663; x_wconf 75' lang='lat' dir='ltr'>dubias</span> <span class='ocrx_word' id='word_1_314' title='bbox 938 2642 1012 2663; x_wconf 85' lang='lat' dir='ltr'>esse</span> <span class='ocrx_word' id='word_1_315' title='bbox 1041 2644 1099 2664; x_wconf 80' lang='lat' dir='ltr'>uos</span> <span class='ocrx_word' id='word_1_316' title='bbox 1125 2643 1166 2664; x_wconf 86' lang='lat' dir='ltr'>ex</span> <span class='ocrx_word' id='word_1_317' title='bbox 1185 2633 1383 2664; x_wconf 83' lang='lat' dir='ltr'>Schneideri</span> <span class='ocrx_word' id='word_1_318' title='bbox 1409 2637 1443 2664; x_wconf 89' lang='lat' dir='ltr'>et</span> <span class='ocrx_word' id='word_1_319' title='bbox 1461 2633 1651 2666; x_wconf 82' lang='lat' dir='ltr'>Razzoliuii</span> 
     </span>
     <span class='ocr_line' id='line_1_36' title="bbox 243 2688 949 2729; baseline -0.001 -8"><span class='ocrx_word' id='word_1_320' title='bbox 243 2690 445 2722; x_wconf 81' lang='lat' dir='ltr'>editionibus</span> <span class='ocrx_word' id='word_1_321' title='bbox 471 2688 713 2729; x_wconf 82' lang='lat' dir='ltr'>intellegimus,</span> <span class='ocrx_word' id='word_1_322' title='bbox 738 2688 949 2720; x_wconf 81' lang='lat' dir='ltr'>omittuntur.</span> 
     </span>
    </p>
   </div>
   <div class='ocr_carea' id='block_1_4' title="bbox 1745 0 1821 3077">
    <p class='ocr_par' dir='ltr' id='par_1_6' title="bbox 1745 0 1821 3077">
     <span class='ocr_line' id='line_1_37' title="bbox 1745 0 1821 3077; baseline 0 0"><span class='ocrx_word' id='word_1_323' title='bbox 1745 0 1821 3077; x_wconf 95' lang='lat' dir='ltr'> </span> 
     </span>
    </p>
   </div>
  </div>
 </body>
</html>
